4376 5708
1148 319 1326 384 ..11-

389 508 502 564 stanter
524 495 698 562 mutandam
722 515 787 559 esse
810 503 919 560 censet.
965 496 1162 558 Nihilominus
1185 496 1406 560 coniunctirum
1421 495 1550 560 scribere
1565 495 1681 571 malim;
1704 515 1774 560 nam
1790 515 1856 560 cum
1874 497 1990 560 nullum
2006 497 2054 560 alia

323 621 326 629 '
387 613 474 674 buius
497 608 729 674 constructionis
752 609 923 689 exemplum
945 609 1023 690 apud
1046 608 1229 672 Herodotum
1251 609 1426 682 inveniatur,
1454 615 1518 671 tum
1541 607 1636 671 forma
1659 602 1830 684 διίναιντο,
1859 628 1914 690 pro
1942 627 1998 692 qua
2028 607 2054 672 n

386 727 505 790 ναίατο
535 724 585 786 ille
608 729 779 785 constanter
807 721 887 797 dicit,
914 721 1116 802 suspicionem
1143 728 1252 785 moret.
1286 755 1327 768 -
1360 721 1394 782 ln
1422 721 1526 783 eodem
1561 722 1654 802 capite
1683 721 1760 802 apud
1790 721 1935 784 Steinium
1961 723 2054 802 legimr

386 836 518 917 λέγεται
540 834 613 918 γὰρ
635 835 825 917 τριηκοσίας
847 831 908 916 μέν
928 832 994 897 τοῖν
1015 834 1097 897 vaur
1126 831 1184 907 τὰς
1211 832 1461 918 διαφθαρείσας
1483 831 1586 908 είναι;
1617 833 1649 895 in
1672 833 1697 897 ll
1727 841 1806 898 extat
1833 833 1961 914 λέγεται
1989 856 2054 896 κατ

386 970 449 1032 τρ.,
476 949 508 1010 in
535 966 567 1009 ει
593 945 721 1024 λέγεται
750 945 826 1030 γὰρ
848 941 949 1009 κατοί
970 968 1028 1030 τρ.,
1059 946 1084 1008 si
1111 965 1128 1008 e
1151 945 1302 1009 codicibus
1332 953 1412 1008 recte
1438 945 1610 1008 adnotatum
1636 955 1691 1009 est.
1735 946 1792 1010 Sed
1818 947 2054 1028 quomodocunqt

386 1079 436 1124 res
458 1080 489 1123 se
511 1059 608 1133 babet,
636 1058 887 1142 praepositionem
919 1050 1012 1132 κατά,
1044 1058 1090 1121 cui
1119 1059 1176 1121 uisi
1204 1059 1280 1140 apud
1309 1058 1494 1121 Herodotum
1523 1075 1670 1139 nusquam
1698 1063 1742 1126 vis
1773 1061 1929 1139 ‚,circiter“
1955 1059 2054 1122 subice

388 1173 510 1247 videtur,
533 1193 549 1235 a
573 1181 740 1235 correctore
763 1189 829 1234 esse
852 1170 995 1234 adiectam
1018 1179 1051 1233 ut
1073 1179 1175 1252 putem
1198 1171 1302 1235 adduci
1324 1189 1385 1233 uon
1407 1189 1538 1252 possum.
1565 1207 1607 1216 -
1637 1173 1667 1236 C.
1684 1175 1734 1237 45.
1770 1171 1808 1240 οὗ
1836 1177 1980 1259 μέντοι
2008 1168 2054 1236 orit

386 1280 480 1348 αὐτοὶ
509 1280 714 1366 δουλοσύνην
741 1280 911 1367 διέφυγον,
940 1283 971 1346 in
1000 1283 1058 1346 nsv
1085 1277 1124 1346 od
1146 1281 1219 1366 μὲν
1245 1278 1338 1361 cnidda
1365 1283 1534 1364 Kruegerus
1561 1307 1596 1350 er
1618 1289 1769 1352 Herodoto
1800 1290 1896 1362 locos,
1925 1287 1955 1348 in
1978 1284 2054 1365 quibo

386 1416 474 1460 voees
506 1393 544 1460 οδ
572 1394 633 1478 μὲν
654 1389 741 1459 οὐδὲΔ
758 1395 934 1458 coniunctae
961 1396 1108 1475 leguntur,
1138 1395 1361 1476 diligentissime
1391 1398 1507 1479 collegit
1532 1399 1614 1477 (llial.
1637 1400 1722 1477 §bib
1739 1402 1789 1476 44,
1809 1401 1853 1478 1);
1888 1399 2020 1481 proxime
2048 1417 2054 1458 a

386 1510 469 1572 illum
491 1510 589 1572 locum
611 1509 757 1571 accedunt
778 1509 824 1570 bi:
858 1509 894 1570 lV
909 1507 970 1570 205
1001 1499 1042 1569 ου’
1076 1505 1136 1590 μέν
1163 1501 1240 1571 οὐδὲ
1273 1503 1478 1594 ηΦερετίμη
1513 1505 1549 1574 εὖ
1580 1510 1639 1596 την
1673 1510 1749 1598 ξοην
1775 1509 1966 1585 κατίπλεξε;
1992 1509 2054 1571 llll

388 1617 426 1685 οὗ
447 1619 508 1705 μὲν
530 1619 610 1685 ου’δὲ
635 1618 844 1704 Λευτυχίδης
866 1615 1026 1704 κατεγήρα
1053 1618 1089 1684 ἐν
1110 1617 1257 1702 Σπάρτη.
1301 1621 1500 1686 llerodoteum
1523 1621 1584 1704 μέν
1604 1624 1659 1705 (--
1674 1623 1750 1710 μην)
1778 1625 1810 1688 iu
1839 1623 1988 1688 codicibus
2014 1641 2054 1702 pe]

386 1753 471 1816 saepe
488 1753 552 1797 esse
568 1741 742 1814 corruptum
764 1747 852 1796 nemo
869 1742 913 1794 est
929 1733 980 1814 qui
996 1733 1119 1796 nesciat.
1151 1733 1227 1806 Quid
1244 1732 1355 1796 mirum
1371 1735 1450 1816 quod
1465 1737 1623 1816 particulae
1640 1757 1707 1800 cum
1731 1738 1776 1800 bis
1792 1736 1995 1818 negationibus
2011 1753 2054 1796 cor

384 1849 502 1910 iunctae
517 1847 596 1909 idem
614 1842 742 1909 accidit?
786 1836 923 1926 Legimus
939 1840 977 1909 οὗ
994 1843 1058 1929 μὴν
1074 1840 1151 1908 οίδέ
1165 1845 1196 1908 in
1212 1845 1349 1908 omnibus
1372 1846 1523 1910 codicibus
1546 1849 1629 1924 1112,
1651 1849 1683 1912 in
1706 1849 1773 1912 nssd
1796 1851 1831 1913 lv
1847 1848 1918 1923 205,
1941 1849 1973 1910 in
1995 1847 2054 1908 ΑΒ(

385 1959 534 2032 vulsae,
557 1960 590 2020 iu
611 1957 751 2020 omnibus
768 1957 894 2039 exceptis
911 1959 969 2020 llds
992 1957 1083 2020 1149.
1103 2025 1104 2028 ,
1129 1958 1231 2042 ltaque
1255 1958 1326 2020 mibi
1348 1977 1523 2039 persuasum
1538 1969 1583 2023 est
1604 1962 1660 2024 boc
1682 1962 1746 2025 loco
1766 1969 1796 2023 et
1817 1961 1843 2023 ll
1861 1960 1930 2034 142,
1953 1959 2004 2022 ubi
2026 1982 2054 2041 p.

386 2073 418 2133 in
440 2073 507 2145 Rev,
531 2073 646 2154 μέντοι
668 2071 699 2132 iu
722 2071 828 2133 ceteris
852 2079 939 2144 extat,
961 2071 1074 2154 μέντοι
1098 2069 1169 2132 nibil
1191 2069 1270 2132 aliud
1293 2090 1359 2134 esse
1382 2072 1440 2134 nisi
1463 2073 1540 2135 aliud
1561 2091 1655 2153 genus
1671 2073 1898 2154 depravationis.
1921 2106 1962 2116 —
1985 2071 2052 2134 C.4

386 2178 463 2246 ἀπὸ
479 2183 537 2246 τοῦ
550 2180 666 2248 Θάσον
680 2182 717 2248 τὸ
734 2181 860 2266 οὔνομα
876 2179 962 2262 ἔσχε,
986 2183 1016 2244 in
1033 2183 1126 2245 Pler
1142 2179 1211 2244 ἐπὶ
1227 2183 1290 2264 (Pm
1310 2179 1405 2264 οίπο).
1449 2183 1493 2246 nd
1509 2185 1734 2265 significandum
1751 2185 1830 2248 unde
1845 2183 1960 2248 homiui
1975 2190 2025 2246 aut
2039 2202 2054 2245 r

384 2315 496 2359 nomen
518 2297 646 2360 inditum
669 2298 717 2373 sit,
741 2297 909 2358 Herodotus
932 2315 1075 2377 persaepe
1096 2297 1349 2378 praepositionem
1372 2295 1431 2359 έπί
1454 2305 1585 2379 usurpat,
1610 2317 1685 2379 quae
1708 2299 1855 2361 invenitur
1876 2297 1965 2360 variis
1981 2296 2054 2358 lecti«

385 2410 473 2472 nibus
489 2428 551 2472 non
567 2410 727 2472 adnotatis:
751 2409 829 2483 114,
847 2409 874 2470 ll
890 2408 939 2482 57,
962 2409 999 2471 lV
1018 2409 1086 2482 184,
1108 2409 1132 2470 V
1148 2408 1187 2471 65
1211 2409 1255 2471 bis
1279 2409 1394 2472 71140.
1411 2410 1462 2472 61.
1479 2411 1528 2471 74.
1545 2410 1595 2473 83.
1615 2409 1683 2472 193.
1727 2411 1811 2472 nude
1831 2410 1900 2472 194
1924 2404 2005 2485 (ἀπὸ
2029 2409 2051 2471 C

386 2531 416 2583 et
438 2523 487 2584 Vll
500 2522 540 2584 58
562 2517 642 2600 (ἀπὸ
660 2522 703 2599 τ);
726 2531 829 2585 contra
846 2517 914 2584 ἀπὸ
929 2521 1037 2600 legitur
1053 2523 1084 2583 in
1100 2521 1239 2584 omnibus
1255 2505 1405 2585 codicibus
1427 2524 1474 2584 17
1499 2516 1575 2599 (ἀπ’
1598 2518 1684 2600 ὅτευ)
1707 2532 1736 2585 et
1758 2523 1783 2584 ll
1798 2521 1838 2583 42
1861 2517 1943 2602 (dard
1966 2518 2054 2583 τοῦδε

386 2634 504 2697 Variaut
536 2635 650 2696 codices
678 2634 709 2695 in
734 2634 799 2696 libri
835 2633 931 2715 quarti
960 2633 1103 2714 capitibus
1127 2633 1187 2695 107
1218 2628 1294 2714 (ἀπ’
1318 2626 1364 2697 ὧν
1384 2635 1417 2696 in
1439 2635 1528 2709 raaz,
1556 2632 1615 2698 ἐπ’
1640 2627 1684 2700 ὥν
1706 2635 1737 2696 iu
1760 2634 1891 2711 ceteris),
1923 2633 1982 2695 149
2002 2627 2054 2711 (ἄν

385 2743 445 2808 τοῦ
467 2742 565 2820 ἔπεος
586 2743 702 2810 τούτου
725 2747 756 2808 in
780 2746 888 2820 PRsvz,
916 2747 949 2808 in
972 2747 1077 2808 celeris
1102 2744 1159 2809 ἐπὶ
1182 2755 1211 2808 et
1232 2748 1318 2827 paulo
1341 2747 1419 2808 inira
1442 2742 1505 2810 ἀπ’
1529 2739 1568 2811 οὗ
1590 2749 1622 2810 in
1645 2748 1694 2823 Pr,
1717 2743 1785 2810 ἀπὸ
1807 2746 1866 2810 τοῦ
1887 2747 1918 2807 in
1939 2746 1992 2817 liv,
2015 2739 2054 2806 δτι

384 2855 510 2934 τούτοινΙ
523 2860 554 2921 in
577 2880 601 2932 s,
624 2857 683 2922 ἐπὶ
707 2853 745 2923 οὖ
767 2859 799 2920 in
822 2859 939 2936 ceteris)
964 2860 1015 2932 45,
1037 2859 1088 2921 ubi
1111 2860 1237 2922 lormula
1259 2859 1369 2940 septies
1384 2867 1475 2923 extat:
1502 2861 1533 2941 1)
1553 2855 1609 2924 ἐπ’
1630 2853 1703 2923 ὅτευ
1717 2861 1749 2922 in
1770 2859 1907 2922 omuibus
1923 2857 2053 2920 codicibu

387 2971 420 3051 2)
447 2979 551 3053 quater
572 2967 641 3035 ἀπὸ
665 2973 697 3034 in
720 2972 868 3050 lllvlszP
898 2972 994 3052 prima
1022 2991 1114 3034 manu
1143 2969 1215 3049 (ἐπὶ
1243 2991 1331 3054 supra
1354 2973 1511 3054 scriptum)
1533 2973 1626 3046 Eust,
1658 2974 1690 3036 iu
1722 2973 1826 3036 celeris
1853 2968 1921 3033 ἐπί.
1966 2967 1997 3045 3)
2021 2962 2053 3030 ἄν

386 3077 459 3146 ὅτευ
487 3083 631 3156 ABCsz,
661 3081 721 3146 ἐπ’
744 3085 792 3146 lls.
839 3085 871 3158 4)
901 3079 970 3146 ἀπὸ
993 3083 1050 3167 τῆς
1076 3081 1196 3166 Τυρίης
1219 3079 1380 3167 Εὐρώπης
1406 3085 1437 3147 iu
1460 3086 1598 3148 omnibus
1621 3086 1780 3148 codicibus.
1826 3085 1921 3158 Quam
1944 3081 2053 3144 inusita

386 3192 563 3277 praepositid
586 3194 644 3260 ἐπὶ
667 3197 772 3260 scribis
797 3198 841 3259 vel
864 3195 1030 3276 legentibus
1052 3197 1150 3269 luerit,
1175 3211 1216 3258 ‘ex
1250 3197 1292 3259 eis
1320 3215 1393 3277 quae
1422 3198 1561 3277 leguntur
1590 3197 1692 3261 71183
1719 3198 1751 3261 in
1778 3197 1868 3259 ABCd
1902 3191 1974 3272 (διὰ
2004 3188 2053 3256 coit

385 3306 443 3370 ἐπὶ
465 3307 574 3391 τοῦδε)
597 3317 728 3391 apparet.
772 3310 874 3391 ltaque
905 3310 1076 3390 ubicunque
1105 3309 1171 3372 libri
1194 3309 1272 3372 inter
1295 3306 1353 3371 ἐπὶ
1375 3317 1405 3372 et
1427 3305 1494 3372 dard
1519 3310 1640 3383 variant,
1672 3307 1731 3373 ἐπὶ
1759 3309 1887 3373 seribere
1910 3307 2052 3370 malim.-

385 3422 415 3483 G.
432 3423 482 3484 50.
516 3419 665 3503 deputed
673 3443 726 3486 ων
748 3421 983 3504 Σπαρτιητέων
1004 3422 1034 3483 in
1056 3421 1155 3496 Anco,
1178 3419 1334 3504 βασιλεὺς
1356 3419 1419 3484 dclv
1440 3422 1472 3484 in
1494 3423 1612 3498 celeris,
1635 3442 1711 3504 quos
1734 3423 1862 3486 editores
1882 3419 1974 3484 secuti
1997 3436 2052 3480 sun

384 3534 475 3615 idque
498 3541 578 3596 recte
600 3536 706 3598 fecisse
728 3534 873 3596 videntur.
920 3533 1028 3596 Confer
1044 3553 1069 3595 c.
1085 3535 1124 3594 51
1149 3530 1212 3597 dciv
1236 3535 1392 3611 (omissum
1409 3543 1456 3596 est
1470 3535 1500 3596 in
1515 3535 1587 3611 Rsv)
1610 3532 1767 3617 βασιλεὺς
1788 3532 1844 3596 καὶ
1860 3524 1955 3604 οὗτος
1970 3533 2052 3604 Σπαι

384 3647 529 3730 τιητέων.
575 3645 707 3708 Primum
731 3647 852 3726 gradum
880 3645 1075 3727 corruptionis
1105 3645 1198 3708 fuisse
1219 3647 1347 3708 formam
1370 3647 1519 3727 vulgarem
1551 3643 1595 3710 ὧν
1621 3667 1676 3728 pro
1706 3647 1801 3709 ionica
1831 3646 1958 3726 positam
1987 3660 2052 3705 man

385 3758 493 3820 festum
517 3765 572 3821 est.
596 3791 638 3802 -
660 3758 694 3818 ln
716 3766 847 3822 extremo
877 3759 971 3840 capite
999 3759 1106 3838 legitur
1129 3753 1147 3821 δ
1170 3755 1208 3821 δέ
1231 3755 1268 3821 oi
1290 3756 1327 3821 τδ
1352 3755 1407 3823 adv
1430 3759 1568 3843 ἔφρασα
1599 3761 1713 3822 dativus
1742 3755 1775 3822 oi
1803 3759 1835 3820 iu
1865 3758 1924 3819 Rsv
1951 3763 1980 3818 et
2005 3755 2038 3816 in

387 3870 514 3933 omissus
537 3878 593 3933 est.
637 3871 710 3933 Cum
734 3889 796 3934 uon
818 3892 888 3935 casu
909 3871 1048 3934 accidisse
1070 3871 1213 3944 videatur,
1237 3879 1270 3933 ut
1292 3872 1379 3934 etiam
1403 3873 1434 3934 in
1456 3873 1490 3946 11,
1515 3873 1566 3953 qui
1587 3872 1660 3934 liber
1683 3879 1728 3933 est
1747 3871 1846 3952 stirpis
1861 3869 1991 3942 Medicei,
2014 3884 2051 3948 pr¹

388 4000 498 4044 nomen
510 3983 595 4056 desit,
612 3984 712 4046 nescio
725 4002 763 4046 an
779 3985 877 4047 inillis
890 3983 1039 4047 codicibus
1052 3979 1086 4046 oi
1099 3983 1230 4045 additum
1243 3985 1309 4046 sita
1325 3985 1430 4060 scriba,
1447 3985 1494 4046 cui
1508 4004 1584 4066 quae
1600 3985 1779 4046 antecedunt
1798 3977 1850 4046 ὅτι
1866 3978 1899 4046 oi
1912 3982 1961 4064 εἰἠ
1978 3981 2051 4042 obre

388 4101 535 4156 serentur.
569 4095 688 4158 Accedit
704 4097 784 4178 quod
800 4097 831 4158 iu
846 4097 885 4158 Pz
901 4091 936 4158 oi
952 4095 1073 4158 verbum
1091 4092 1215 4178 ἔφρασε
1229 4096 1373 4177 sequitur,
1391 4117 1427 4174 er
1443 4117 1501 4179 quo
1514 4097 1672 4160 verborum
1684 4097 1787 4159 ordine
1802 4113 1968 4178 pronomen
1983 4101 2051 4175 post

387 4206 533 4270 adiectum
559 4227 622 4270 esse
650 4209 847 4288 cognoscitur.
875 4243 917 4251 -
943 4208 974 4270 C.
988 4207 1038 4270 52.
1061 4206 1100 4296 τῇ
1120 4198 1248 4290 οίίνομα
1269 4209 1392 4285 εἶναι,
1413 4209 1445 4271 in
1459 4211 1499 4272 Rs
1519 4231 1536 4274 a
1560 4217 1732 4283 correctore,
1757 4209 1804 4272 oui
1823 4207 1982 4270 inlinitivus
1998 4225 2051 4268 met

386 4319 458 4382 dum
475 4319 635 4393 videbatur,
651 4315 692 4403 ἦν
708 4329 753 4382 est
765 4321 970 4384 substitutum.
995 4321 1075 4382 ldem
1087 4322 1230 4384 mendum
1243 4322 1370 4384 occurrit
1381 4322 1417 4385 lv
1429 4322 1479 4402 81,
1496 4323 1589 4385 ubiiu
1602 4322 1682 4385 Pllsz
1699 4316 1760 4383 ἀπ’
1776 4312 1961 4404 sigebaldum
1977 4315 2050 4384 ἀπο

387 4434 462 4510 ρίου
478 4431 536 4496 τὸν
545 4427 687 4496 Ὕπανιν
702 4429 831 4498 ἄποτον
846 4435 982 4497 ποιέει
998 4444 1078 4498 extat
1097 4428 1242 4514 (ποιέειν
1261 4434 1294 4496 in
1309 4434 1436 4514 ceteris).
1469 4435 1576 4498 Confer
1591 4436 1616 4496 ll
1632 4435 1672 4497 99
1688 4429 1732 4508 τίς
1747 4432 1785 4498 δὲ
1795 4433 1845 4520 Ιτῷ
1863 4437 1952 4497 Μῖνι
1967 4467 2009 4476 -
2028 4453 2048 4511 r

385 4547 517 4623 γονέναι
534 4547 578 4624 (in
593 4545 673 4608 Rvsd
689 4543 735 4628 τῷ
750 4543 788 4607 δὲ
805 4550 854 4608 Μ.
870 4549 979 4610 omissa
994 4549 1138 4629 particula
1154 4542 1208 4624 τίς)
1224 4546 1261 4608 lV
1279 4548 1315 4608 11
1334 4542 1376 4620 τίς
1391 4545 1429 4610 δέ
1444 4541 1539 4620 δόξαι
1554 4549 1598 4624 (iu
1608 4515 1667 4611 Ruso
1680 4544 1723 4622 τίς
1734 4546 1768 4611 δ’
1786 4544 1899 4623 ἔδοξε).
1924 4545 2031 4607 Contra
2046 4545 2050 4606 l

387 4657 415 4734 9,
439 4663 474 4723 de
496 4679 555 4742 quo
583 4662 648 4722 loco
672 4679 777 4740 magua
805 4671 849 4724 est
878 4663 1022 4725 dissensio
1048 4664 1125 4725 inter
1152 4663 1289 4725 homines
1317 4663 1428 4736 doctos,
1462 4679 1524 4724 non
1552 4661 1654 4725 dubito
1683 4681 1750 4725 cum
1777 4662 1927 4744 llruegero
1954 4663 2050 4726 scribe

386 4791 461 4852 quae
483 4773 515 4835 in
537 4775 562 4836 R
585 4782 697 4836 extant:
728 4767 884 4839 indecisae
904 4773 962 4840 τδν
981 4769 1144 4860 Ἡρακλέα
1166 4769 1193 4838 oi
1199 4797 1213 4848 ς
1236 4768 1424 4836 ἀπικέσθαι
1447 4767 1480 4848 ἐς
1502 4773 1561 4858 την
1581 4774 1640 4839 νῦν
1662 4770 1831 4858 Σκυθικὴν
1845 4768 1953 4860 χείρην
1968 4772 2049 4837 καλε

386 4884 499 4966 μένην,
522 4884 723 4968 καταλαβεῖν
743 4885 805 4970 γὰρ
829 4882 928 4952 adadu
949 4885 1096 4970 χειμῶνά
1117 4910 1152 4949 τε
1174 4887 1271 4968 (deest
1285 4887 1316 4948 in
1331 4887 1383 4961 Rs)
1405 4880 1462 4949 καί
1476 4883 1610 4971 κρυμόν,
1634 4884 1894 4972 ἐπειρυσάμενον
1912 4885 1970 4971 τὴν
1989 4884 2049 4952 leot

385 4999 459 5082 τέην
482 4999 542 5075 (alii
562 4995 708 5084 λεοντῆν)
732 5000 957 5076 κατυπνῶσαι,
980 4999 1038 5075 τὰς
1061 4998 1098 5064 δὲ
1120 4997 1153 5065 οἳ
1176 5005 1303 5074 λπποιις
1327 4997 1411 5083 [τὰς]
1440 5033 1476 5044 -
1499 4995 1743 5086 ἀφανισθῆναι.
1787 5003 1822 5066 lu
1845 5003 1948 5066 ceteris
1971 5003 2049 5066 codic

384 5111 441 5174 bus
468 5106 511 5185 τίς
534 5113 678 5176 omissum
702 5121 731 5191 et
754 5121 822 5176 ante
844 5111 993 5197 λεοντέην
1020 5111 1058 5176 δὲ
1087 5122 1131 5176 est
1159 5113 1301 5176 additum.
1344 5113 1383 5175 Ut
1408 5113 1461 5177 alia
1484 5114 1532 5177 bic
1555 5115 1743 5192 omittamus,
1766 5116 1835 5196 quid
1859 5116 1915 5178 sibi
1936 5116 1999 5178 vult
2024 5137 2049 5178 τι

1835 5215 1869 5271 2*
