4376 5708
1162 356 1361 420 ..5-

415 540 537 615 propter
558 527 736 615 μηόεμίαν,
760 550 835 614 quae
857 551 912 594 vox
936 533 1022 613 paulo
1044 533 1121 594 inire
1143 532 1259 612 legitur.
1281 569 1332 627 -Ι
1345 534 1376 598 C.
1392 534 1422 598 8.
1460 532 1614 598 Αἰολέων
1637 537 1673 598 ol
1696 531 1829 616 Λέσβον
1851 535 2004 616 νέμονται

414 646 521 725 legitur
542 644 574 706 in
597 643 775 718 senense
804 644 836 706 in
862 644 932 707 ABG
956 663 971 705 e
994 645 1132 725 margine,
1162 654 1195 708 ut
1216 645 1340 720 videtur,
1370 643 1428 729 τήν
1454 645 1603 710 Αλολίόα
1624 646 1684 731 γῆν
1706 666 1759 728 pro
1785 649 1921 730 Λέσβον
1942 649 1973 710 in
1995 657 2029 711 tez

346 807 350 816 .
415 757 546 839 irrepsit.
590 756 746 819 Praeterea
769 757 800 818 iu
824 756 894 819 litt
916 749 992 820 ὅσοι
1015 757 1121 837 legitur
1143 775 1197 838 pro
1221 761 1264 833 ol,
1287 760 1365 840 quod
1388 777 1404 821 a
1428 759 1542 821 Steinio
1564 759 1707 822 reiectum
1723 778 1788 822 esse
1804 760 1905 822 miror.
1949 749 2029 842 lpse

415 869 572 932 relativum
589 863 625 942 ὃς
642 869 764 932 eandem
781 869 839 930 vim
855 887 943 949 saepe
957 869 1066 932 babere
1081 889 1169 950 quam
1187 864 1264 943 ὅσος
1279 871 1340 932 aliis
1356 871 1427 934 locis
1442 871 1664 934 demonstravit.
1680 906 1721 918 -
1737 872 1771 934 ln
1787 873 1891 934 eodem
1909 874 2001 954 capite
2024 851 2031 923 l

416 977 580 1045 πόντων
601 979 639 1044 dd
659 976 811 1044 τούτων
833 975 852 1042 ὅ
874 976 1009 1062 σύμπας
1031 977 1178 1065 ἀριθμός
1205 983 1236 1044 iu
1264 983 1414 1045 B'Pllsva
1437 984 1467 1045 in
1489 985 1627 1047 πασέων
1649 981 1686 1046 δὲ
1707 977 1832 1046 τούτων
1855 975 1872 1045 ὁ
1897 999 1927 1046 σ.
1950 1007 1982 1046 α.
2005 967 2031 1046 οἒ

417 1103 542 1167 rectore,
565 1094 693 1174 quibos
715 1094 864 1173 genetivos
887 1095 923 1156 ad
945 1094 1083 1174 populos,
1100 1095 1158 1176 ,qui
1180 1103 1266 1157 antea
1289 1095 1457 1158 enumerati
1479 1103 1558 1168 sunt,
1580 1097 1685 1158 relerri
1707 1113 1769 1158 non
1791 1075 1975 1175 cognoverat,
2000 1115 2032 1159 m

416 1217 494 1270 sunt.
541 1207 649 1269 Confer
672 1225 747 1286 quae
768 1214 949 1286 sequuntur:
973 1198 1071 1268 αύται
1091 1207 1152 1290 μὲν
1168 1199 1284 1271 Ἰύνων
1304 1201 1401 1293 ἦσαν·
1424 1208 1488 1272 τόν
1503 1206 1541 1271 δὲ
1555 1200 1736 1290 βαρβάρων
1749 1205 1787 1270 τὸ
1802 1207 1937 1292 πλῆθος
1951 1209 2034 1272 τόν

414 1313 501 1404 ἦσαν
516 1316 695 1392 ἑξακόσιοι.
740 1319 815 1379 Nam
831 1326 864 1380 ut
880 1320 1077 1381 masculinum
1094 1319 1125 1382 in
1141 1320 1318 1382 femininum
1334 1329 1473 1394 mutaret,
1496 1321 1579 1384 facile
1601 1320 1706 1401 aliquis
1735 1320 1840 1382 adduci
1862 1322 1971 1401 potuit,
1994 1340 2035 1406 no

415 1440 518 1495 contra
542 1431 695 1511 laceret1).
717 1464 760 1476 -
782 1431 813 1493 C.
832 1429 858 1492 9.
894 1430 998 1494 ταῦτα
1019 1427 1250 1513 ἐπιλεγόμενοι
1273 1430 1418 1506 ἔλεξαν
1440 1431 1653 1507 συλλέξαντες
1673 1433 1777 1508 lnce,
1798 1434 1829 1496 in
1845 1434 1951 1496 ceteris
1973 1417 2035 1495 recl

415 1541 529 1616 ἔλεξαν
551 1545 707 1616 omissum,
730 1544 790 1605 sive
812 1561 867 1624 per
889 1544 1117 1638 dittographiam
1141 1552 1239 1606 ortum
1263 1554 1316 1620 est,
1340 1545 1401 1608 sive
1423 1566 1439 1608 e
1463 1547 1648 1608 correctione
1669 1545 1834 1619 cuiusdam,
1858 1547 1908 1626 qui
1931 1551 2037 1642 struetp

417 1655 574 1718 verborum
596 1675 659 1718 non
681 1665 879 1738 perspexerat,
903 1657 1036 1720 additum
1060 1667 1114 1722 est.
1137 1693 1177 1703 —
1200 1659 1234 1720 ln
1257 1659 1360 1721 eodem
1383 1659 1477 1740 capite
1498 1659 1529 1720 in
1552 1659 1632 1721 Pllsz
1656 1671 1717 1742 σφι
1746 1659 1825 1720 inter
1848 1654 1960 1735 ἔλεγον
1983 1666 2012 1720 et
2033 1681 2038 1712 e

415 1745 507 1843 deest,
532 1769 610 1850 quod
633 1777 733 1830 utrum
755 1769 787 1829 in
810 1769 855 1830 his
879 1769 1028 1832 codicibus
1050 1771 1193 1833 omissum
1216 1789 1253 1833 an
1274 1772 1307 1833 in
1329 1772 1435 1833 ceteris
1458 1771 1590 1833 additum
1621 1771 1667 1844 sil,
1697 1771 1763 1851 quis
1792 1771 1951 1832 decernere
1981 1779 2039 1851 poe

417 1880 588 1942 Pronomen
623 1881 784 1943 desiderari
818 1900 904 1961 nego.
969 1881 1025 1945 Sed
1064 1891 1145 1945 recte
1182 1884 1269 1964 paulo
1306 1883 1382 1945 inira
1422 1883 1566 1963 scriptum
1610 1891 1655 1944 est
1694 1883 1726 1944 in
1760 1883 1909 1946 B²Pnsvz
1943 1880 2040 1954 τούς-

416 1988 565 2055 ἑωντού
599 1995 734 2066 ἕκαστος
769 1988 878 2076 ύμέων
915 1991 1094 2078 πολιήτας,
1135 1995 1186 2057 ubi
1229 1995 1319 2058 ceteri
1359 1985 1486 2058 αύτέων
1527 1995 1645 2058 habent.
1704 1997 1738 2058 ln
1776 1995 1914 2076 sequenti
1953 2005 2041 2058 versu

415 2105 473 2166 usv
518 2112 596 2166 extat
638 2102 816 2189 πειράσθω
857 2100 1090 2184 ἇποσχίζειν,
1137 2126 1204 2170 cum
1248 2108 1280 2169 in
1319 2107 1423 2170 ceteris
1462 2101 1663 2186 ἀποσχίζων
1703 2108 1826 2188 legatur.
1885 2093 2042 2184 Conceden}

415 2225 460 2278 est
502 2217 682 2280 Herodotum
727 2218 850 2280 verbum
893 2215 1084 2300 πειρᾶσθαι
1131 2238 1198 2281 cum
1239 2220 1386 2282 infinitivo
1428 2219 1636 2295 coniunxisse3
1682 2227 1773 2282 testes
1811 2228 1883 2282 sunt
1924 2221 1981 2283 loci
2023 2221 2044 2322 l

413 2330 449 2390 Vl
478 2328 553 2408 138,
592 2330 656 2391 Vlll
689 2331 760 2391 100.
803 2329 877 2404 108,
916 2330 956 2391 lX
991 2330 1049 2402 33,
1089 2351 1163 2412 quos
1214 2332 1507 2413 Schweighaeuserus
1548 2332 1677 2412 collegit;
1728 2340 1827 2394 tamen
1861 2334 1954 2394 multo
2000 2353 2043 2394 sa

414 2441 599 2521 participium
630 2442 752 2521 legitur,
780 2443 860 2522 quod
887 2461 1114 2524 nonnumquam
1144 2463 1159 2504 a
1187 2444 1327 2518 librariis,
1357 2445 1464 2524 quibus
1490 2445 1520 2505 id
1548 2445 1722 2507 inusitatum
1750 2444 1921 2519 videbatur,
1950 2446 1982 2506 in
2011 2446 2042 2507 in

414 2553 507 2614 tivum
535 2561 765 2616 mutatumrest.
824 2555 906 2616 ldem
941 2557 1083 2617 mendum
1106 2556 1257 2619 invenitur
1288 2557 1325 2618 Vl
1347 2557 1387 2620 50
1420 2557 1452 2618 in
1481 2557 1603 2629 ΒῬει,
1642 2566 1671 2618 at
1710 2576 1771 2618 non
1809 2557 1842 2618 in
1875 2558 1900 2618 n
1938 2555 2046 2632 (ἕπει

415 2662 674 2747 συλλαμβάνειν)
713 2673 743 2726 et
775 2665 850 2726 177
889 2667 920 2728 in
953 2667 978 2728 ll
1012 2664 1072 2744 (ἔτι
1105 2669 1217 2751 μένειν
1248 2687 1302 2748 pro
1340 2665 1467 2745 ἔπιόν).
1526 2669 1641 2731 Pariter
1683 2675 1770 2750 atque
1809 2670 1866 2731 hoc
1903 2671 1968 2732 loco
2008 2665 2047 2732 ἐπ

413 2777 582 2839 Herodotus
609 2778 622 2838 l
645 2777 685 2840 84
708 2780 934 2862 προσβαίνων,
965 2780 1036 2841 vl5
1060 2777 1191 2853 κατιύν,
1220 2780 1260 2842 IX
1275 2779 1316 2842 26
1338 2779 1510 2854 κατιόντας
1532 2801 1599 2844 cum
1624 2781 1713 2844 verbo
1736 2779 1927 2862 πειρᾶσθαι
1950 2784 2047 2845 οοιιίιιι

414 2908 489 2969 quos
511 2890 591 2952 locos
619 2891 724 2952 afferre
750 2891 915 2964 sufficeret,
942 2892 1001 2954 nisi
1027 2893 1199 2973 nuperrime
1226 2893 1420 2974 Gomperzius
1447 2894 1567 2974 (Herod.
1592 2894 1675 2956 Stud.
1704 2895 1717 2956 l
1738 2914 1767 2974 p.
1791 2893 1844 2971 32)
1873 2896 2021 2957 codicibus
2044 2945 2047 2957 .

414 3001 504 3063 fidem
538 3001 800 3065 vehementissime
834 3004 1015 3084 abrogasset.
1070 3005 1190 3085 Legitur
1224 3015 1320 3068 autem
1355 3004 1403 3069 ἔτι
1435 3008 1548 3090 μένειν
1579 3007 1743 3069 Gaislordio
1778 3017 1899 3070 auctore
1931 3008 1962 3068 in
1995 3008 2047 3070 libr

414 3119 468 3189 t:
490 3115 614 3177 Parisin.
638 3114 744 3195 2933),
769 3116 1046 3196 Schweighaeusero
1070 3126 1189 3180 auctore
1211 3119 1298 3180 etiam
1331 3120 1363 3180 in
1388 3119 1411 3180 P
1435 3120 1489 3200 (=
1503 3119 1704 3200 Passioneus).
1748 3120 1826 3182 Haec
1858 3130 1991 3182 accurate
2019 3129 2047 3183 at

415 3247 476 3288 non
499 3247 558 3308 quo
586 3228 643 3289 illis
665 3229 747 3290 libris
770 3229 880 3310 aliquid
903 3230 1084 3292 auctoritatis
1107 3229 1331 3292 attribuendum
1355 3251 1420 3294 esse
1442 3240 1594 3312 putarem,
1622 3233 1674 3294 sed
1698 3233 1777 3312 quod
1798 3233 1879 3294 illam
1902 3233 2047 3295 lectionen

412 3340 471 3400 Rsv
500 3347 598 3402 extare
621 3340 812 3421 Gomperzius
835 3341 989 3402 contendit
998 3340 1033 3420 ²).
1077 3344 1105 3404 ls
1135 3343 1215 3404 enim
1244 3343 1332 3406 nimis
1353 3345 1480 3424 flagrans
1512 3344 1671 3424 cupiditate
1705 3365 1742 3406 ex
1775 3345 1949 3408 lectionibus
1978 3347 2047 3410 codi

413 3451 500 3512 liuius
527 3451 654 3514 familiae
682 3461 796 3514 textum
824 3453 965 3515 Herodoti
994 3455 1171 3516 emendandi
1197 3455 1362 3534 legentibus
1383 3457 1562 3538 persuadere
1584 3458 1683 3518 studet
1715 3454 1764 3519 ἔτι
1797 3459 1909 3539 μένειν
1939 3478 2047 3538 corrup

413 3581 478 3624 esse
506 3574 541 3624 ex
563 3561 783 3639 ἐπανελθεῖν,
813 3567 844 3627 in
874 3566 956 3628 libris
984 3573 1084 3628 autem
1113 3567 1234 3629 alterius
1262 3568 1362 3648 stirpis
1388 3587 1442 3648 pro
1470 3575 1554 3630 textu
1581 3576 1719 3648 corrupto
1747 3589 1764 3631 a
1790 3579 1956 3632 correctore
1982 3589 2047 3650 quo«

413 3671 520 3738 ἐπιών
542 3693 606 3736 esse
629 3656 771 3756 positum.
816 3677 924 3740 Verum
941 3677 988 3752 sit,
1011 3678 1151 3753 concedo,
1174 3679 1279 3741 melius
1301 3680 1393 3741 fuisse
1417 3699 1550 3752 „rursus
1573 3680 1681 3742 iterum
1704 3678 1754 3760 (τό
1777 3678 1960 3764 δεύτερον)“
1985 3683 2047 3745 adio

413 3805 487 3849 num
509 3787 552 3850 vir
574 3788 679 3850 doctus
706 3789 755 3850 illa
782 3793 949 3856 coniectura
974 3799 1126 3852 assecutus
1150 3800 1210 3862 est,
1242 3801 1275 3853 ut
1298 3799 1395 3854 textus
1418 3793 1603 3854 emendatior
1632 3791 1692 3854 sit?
1736 3793 1880 3874 Equidem
1903 3813 1964 3856 non
1989 3815 2047 3858 mer

413 3918 544 3980 unquam
567 3901 665 3980 legere
687 3903 723 3964 de
745 3903 972 3982 redintegranda
995 3921 1092 3983 pugna
1115 3901 1327 3967 ἐπανελθεῖν.
1371 3905 1489 3968 Accedit
1505 3906 1583 3985 quod
1600 3905 1656 3966 hoc
1670 3906 1794 3968 verbum
1810 3906 1842 3967 in
1864 3905 2007 3969 Herodoti
2029 3910 2047 3970 li

413 4029 560 4093 nusquam
595 4013 703 4094 legitur
731 4015 788 4077 nisi
816 4017 840 4077 ll
867 4017 925 4078 109
954 4017 1054 4097 ibique
1084 4017 1137 4078 elia
1172 4017 1395 4097 significatione.
1453 4017 1662 4080 Animadverte
1694 4025 1860 4098 praeterea,
1902 4021 1930 4080 id
1960 4023 2038 4101 quod

414 4125 534 4185 maximi
548 4128 702 4200 momenti,
726 4129 824 4216 omnia
848 4149 922 4209 quae
944 4131 1082 4209 leguntur
1104 4129 1233 4191 averbis
1256 4127 1292 4192 ἐν
1313 4128 1379 4214 νόῳ
1403 4127 1486 4209 ἔχων
1506 4149 1603 4211 usque
1626 4131 1660 4192 ed
1684 4131 1806 4222 ¹verbum
1829 4129 1980 4194 ἐλαύνειν
2003 4135 2039 4209 (c.

413 4235 443 4297 in
467 4237 617 4301 codicibus
634 4240 694 4301 Rsv
715 4241 916 4303 intercidisse:
938 4243 995 4303 iam
1019 4242 1180 4322 intelleges,
1205 4261 1293 4322 quam
1317 4243 1435 4305 infirmo
1457 4244 1651 4306 fundamento
1668 4243 1861 4324 Gomperzius
1884 4245 2004 4306 nitatur.
2046 4267 2047 4290 ι

411 4349 525 4412 facilius
547 4361 748 4431 cognoscatur,
764 4355 913 4434 quomodo
936 4362 1033 4416 textus
1056 4355 1162 4416 borum
1187 4356 1329 4430 codicum,
1354 4375 1482 4436 quorum
1498 4355 1605 4416 auxilio
1622 4355 1806 4419 Herodotum
1822 4358 1978 4420 emendare
2001 4366 2047 4420 stu

413 4481 444 4522 se
466 4451 582 4534 hebeat,
604 4471 701 4526 totum
723 4467 806 4528 illum
829 4467 926 4530 locum
951 4475 1019 4528 ante
1042 4467 1140 4530 oculos
1163 4485 1289 4548 ponam:
1330 4471 1470 4552 Κροῖσος
1497 4464 1535 4529 δὲ
1561 4466 1730 4552 μεμφθεὶς
1752 4467 1894 4531 needed
1917 4468 2047 4555 πλῆθος

412 4563 623 4598 2-—

546 4639 566 4702 ’)
584 4638 612 4689 In
631 4639 727 4704 codice,
745 4654 777 4690 ex
796 4656 844 4706 quo
862 4639 897 4690 Rs
916 4641 1028 4692 derivati
1047 4648 1115 4705 sunt,
1132 4642 1223 4691 lacuna
1242 4649 1298 4692 orta
1316 4648 1357 4692 est
1375 4641 1456 4691 oculis
1475 4641 1576 4692 scribne
1593 4642 1772 4693 aberrantibus
1789 4643 1820 4694 ab
1839 4632 1945 4696 όύύεκα
1963 4659 2046 4711 νηυσ

411 4721 593 4776 ἑπτακαίδεκα
618 4729 725 4790 νηυσί;
753 4727 777 4775 1ο
801 4743 813 4777 s
839 4728 902 4778 haee
925 4727 1016 4778 lacuna
1034 4728 1135 4792 explete
1155 4734 1195 4778 est
1212 4728 1252 4777 bis
1272 4727 1359 4778 verbis
1377 4726 1520 4798 Πριηνέων
1542 4726 1571 4779 δὲ
1593 4729 1679 4796 εἴχετο
1699 4724 1780 4780 Τύϊοι
1797 4731 1882 4781 εἴκοσι
1900 4735 1986 4796 νηυσί.
2022 4733 2047 4782 S<

414 4825 486 4874 quem
505 4827 554 4861 non
573 4811 704 4879 effugerat,
722 4812 748 4862 in
767 4813 955 4864 enumeratione
973 4813 1067 4878 viginti
1086 4829 1164 4864 naves
1183 4815 1280 4877 deesse,
1297 4813 1343 4863 has
1362 4812 1423 4864 Teis
1441 4813 1568 4864 attribuit.
1605 4814 1684 4865 Vides
1703 4830 1774 4880 qnam
1791 4816 1952 4882 impudenter
1970 4818 2047 4884 interp

412 4897 490 4947 verit.
526 4897 653 4950 Similiter
671 4913 714 4949 res
731 4897 767 4950 Vl
784 4900 814 4952 41
835 4915 863 4950 se
880 4900 963 4950 babet.
997 4897 1025 4948 ln
1043 4897 1065 4949 R
1084 4901 1176 4951 omissa
1195 4907 1253 4950 sunt
1272 4900 1349 4951 verba
1366 4896 1539 4968 καταφεύγειν
1557 4897 1583 4956 ἐς
1598 4893 1717 4971 Ἴμβρον,
1744 4897 1795 4968 τὴν
1816 4900 1845 4952 δὲ
1862 4902 1889 4954 οἱ
1911 4905 2039 4972 πέμπτην

411 4980 480 5032 νεῶν
504 4982 638 5034 aberrante
662 4985 746 5034 scriba
765 5001 779 5034 a
797 5001 861 5036 voce
879 4985 948 5038 νεῶν
966 5001 1029 5050 qnae
1046 4993 1105 5038 ante
1122 4987 1227 5037 verbum
1244 4983 1409 5055 καταφεύγει
1427 4993 1508 5050 extat,
1526 4986 1556 5037 ad
1575 4987 1683 5037 alterum
1700 4989 1779 5040 νεῶν.
1815 4989 1905 5039 Scribe
1917 4991 2013 5040 codicis
2032 5007 2044 5040 s

412 5065 496 5118 Marte
514 5070 644 5136 supplevit
661 5073 745 5138 ,μίαν
762 5069 794 5122 δέ
810 5072 864 5124 τῶν
881 5070 976 5124 νεῶν“.
1048 5103 1051 5115 ι
1078 5071 1099 5140 ¹)
1117 5073 1263 5124 [tectionem
1282 5089 1338 5124 esse
1357 5074 1384 5122 in
1403 5090 1420 5122 v
1437 5072 1605 5124 libentissime
1630 5074 1740 5124 eoncedo
1764 5075 1821 5124 viro
1845 5075 1994 5126 doctissimo
2013 5092 2047 5125 coi

412 5155 491 5204 manti
510 5171 537 5205 se
556 5157 637 5222 ipsum
654 5157 721 5208 bunc
737 5157 831 5209 librum
849 5159 1004 5222 contulisse3
1022 5166 1049 5210 at
1067 5160 1090 5210 si
1110 5160 1187 5211 etiam
1205 5161 1232 5210 in
1251 5157 1429 5212 Saueroltiano
1448 5166 1525 5224 esset,
1544 5165 1614 5210 certe
1633 5157 1806 5211 Gaislordinm
1824 5177 1874 5212 non
1892 5159 2009 5224 fugisset.
