4376 5708
957 375 1178 440 -14-

222 550 401 623 ductisunt,
431 550 564 612 ramale
587 549 732 612 adiectum
756 557 800 612 est
830 557 859 611 et
892 569 927 612 ex
959 552 1016 613 boc
1037 553 1213 616 emblemate
1236 571 1289 633 per
1311 552 1536 633 dittograpbiam
1563 551 1636 615 τότε
1659 553 1796 635 (ΤΟΤΕ)
1822 555 1855 617 in
1884 575 1917 617 sv

221 671 321 724 ortum
343 670 403 736 est3
432 662 490 724 nisi
513 663 579 745 quis
609 663 666 724 iam
696 685 731 726 τε
759 683 794 725 ex
822 664 1007 726 antecedenti
1033 688 1066 727 τι
1093 685 1147 746 per
1169 665 1395 745 dittographiam
1425 672 1524 727 ortum
1547 685 1611 727 esse
1633 673 1727 745 putat.
1749 701 1792 712 -
1814 666 1845 728 C.
1862 667 1915 729 62.

220 773 277 856 τήν
299 771 336 836 δὲ
353 769 535 858 Ἀρίστωνα
557 771 661 848 ἔκνιζε
684 771 748 859 ἄρα
770 773 826 860 τής
847 773 1000 851 γυναικὸς
1022 771 1041 839 ὁ
1062 773 1157 858 ἔρως,
1179 778 1212 839 in
1233 777 1324 839 ABCd
1348 777 1489 840 articulus
1516 773 1535 840 δ
1564 778 1659 840 deest.
1696 777 1770 851 Quis
1799 781 1916 860 estqui

220 889 369 959 decernat,
392 894 493 950 utrum
515 887 656 950 articulus
678 888 778 950 iubis
800 887 882 950 libris
909 889 984 950 male
1005 890 1132 952 omissus
1155 908 1194 951 an
1216 889 1247 951 in
1263 890 1368 952 ceteris
1391 909 1406 952 a
1429 896 1597 952 correctore
1611 891 1650 951 sit
1666 887 1807 964 additus?
1841 893 1915 954 Pro-

220 999 297 1062 fecto
320 1000 374 1062 hac
397 1001 568 1080 quaestione
596 1000 674 1062 nulla
706 1009 750 1062 est
771 1000 916 1062 difficilior
942 1001 972 1062 in
996 1001 1191 1064 emendandis
1213 1001 1354 1064 Herodoti
1380 1000 1475 1064 librisl
1510 1002 1546 1064 ln
1576 1002 1720 1083 capitibus
1748 1004 1813 1065 libri
1840 1004 1916 1066 serti

221 1133 296 1196 quae
326 1116 421 1177 adhuc
449 1114 570 1176 tractavi
602 1116 634 1177 in
661 1115 783 1176 articulo
814 1113 952 1193 ponendo
980 1115 1025 1176 vel
1052 1113 1217 1176 omittendo
1245 1114 1358 1176 codices
1387 1113 1466 1176 inter
1497 1133 1528 1176 se
1561 1115 1726 1196 discrepant
1753 1116 1799 1178 his
1829 1116 1915 1178 locis:

221 1248 245 1290 c.
263 1227 281 1288 3
304 1224 340 1290 ἒν
360 1225 400 1315 τῇ
420 1228 559 1310 Φοινίκῃ
584 1226 634 1316 (τῇ
657 1248 716 1290 om.
737 1229 817 1307 Rsv).
855 1226 944 1310 ’ίτής
966 1222 1123 1310 Μιλήτου
1145 1225 1214 1307 (τῆς
1229 1244 1289 1289 om.
1312 1227 1422 1308 Prsvz).
1469 1230 1504 1289 11
1532 1223 1722 1300 dulcimode
1737 1225 1917 1312 στρατηγὸς

222 1334 402 1412 Διονύσιος
435 1333 466 1418 (d
500 1359 557 1401 om.
593 1340 695 1416 Pusz).
749 1341 786 1400 14
818 1339 855 1403 cd
889 1337 1002 1404 κοινδν
1033 1339 1109 1401 τῶν
1141 1339 1279 1420 Σαμίων
1313 1337 1364 1419 (τὸ
1388 1342 1423 1401 Σ.
1447 1339 1532 1422 Rev).
1575 1339 1615 1401 23
1649 1335 1669 1402 δ
1699 1334 1916 1424 Ἱπποκράτης

222 1447 257 1532 (δ
272 1471 331 1513 om.
348 1450 414 1534 us).
462 1452 503 1514 24
519 1450 554 1514 ἐκ
568 1452 625 1536 τῆς
640 1449 760 1526 Ἴνυκος
775 1448 982 1535 ἐκδιδρήσκει
1008 1449 1059 1533 (ἐκ
1074 1450 1130 1533 τής
1145 1471 1203 1513 om.
1220 1450 1352 1528 AB¹Cd),
1377 1449 1410 1525 ἒς
1428 1450 1487 1535 τήν
1496 1447 1609 1535 Ἀσίην
1625 1450 1696 1535 (τήν
1711 1471 1769 1514 om.
1786 1451 1915 1532 Anto),

220 1561 256 1625 ἐκ
278 1563 334 1646 τής
356 1561 507 1647 Σικελίης
530 1563 602 1648 (τῆς
624 1585 682 1627 om.
705 1564 773 1647 Rs).
809 1565 848 1626 26
871 1561 913 1627 τά
934 1561 1012 1647 περὶ
1034 1560 1088 1645 τήν
1114 1559 1266 1645 Μίλητον
1287 1558 1446 1644 γενόμενα
1468 1563 1540 1648 (τήν
1562 1585 1619 1627 om.
1644 1566 1762 1644 ABCd),
1785 1563 1821 1626 ἐκ
1845 1569 1916 1628 Πο-

219 1674 329 1760 λίχνης
350 1676 415 1759 τῆς
438 1679 533 1741 Χίων
557 1677 635 1758 (τῶν
658 1683 700 1741 Χ.
723 1679 785 1760 Rs).
826 1680 866 1742 29
887 1673 1080 1751 Ἱστιαῒοςδ
1115 1671 1283 1758 Μιλήσιος
1315 1670 1348 1756 (δ
1375 1696 1434 1738 om.
1462 1677 1546 1740 AB¹C
1575 1676 1684 1759 Suid.).
1719 1677 1758 1738 30
1793 1674 1826 1750 λς
1858 1675 1916 1750 τάς

219 1787 343 1871 Σάρδις
365 1790 405 1852 lls
428 1787 497 1870 (τὰς
519 1810 578 1852 om.
602 1791 680 1872 cet).
714 1792 754 1854 33
777 1787 910 1856 αὐτοῖσι
937 1800 1026 1854 τοῖσι
1051 1791 1199 1874 Πέρσησι
1226 1788 1328 1868 (τοῖσι
1357 1807 1416 1850 om.
1439 1789 1572 1872 aucus),
1600 1787 1666 1852 eloi
1689 1787 1726 1852 δὲ
1756 1785 1798 1851 αἲ
1820 1787 1856 1852 έν
1877 1789 1915 1878 τή

218 1897 362 1985 Εὐρώπῃ
386 1897 438 1983 (αῖ
461 1922 519 1964 om.
542 1903 634 1977 Plus,
656 1904 688 1965 in
711 1905 733 1966 B
756 1903 884 1986 rasura).
919 1905 958 1966 35
981 1901 1095 1966 ἔπεισε
1117 1896 1247 1978 δλύγος
1270 1895 1305 1980 (o‘
1326 1919 1385 1962 om.
1401 1899 1467 1982 Rs).
1492 1900 1532 1962 37
1548 1899 1585 1964 τὸ
1608 1899 1688 1974 ἔπος
1711 1899 1760 1982 (τὸ
1776 1921 1835 1964 om.
1851 1901 1915 1977 Rs).

221 2013 261 2074 39
283 2013 342 2076 τού
366 2014 518 2097 Θρηίκων
543 2013 698 2094 βασιλέος
724 2014 792 2099 τήν
820 2018 989 2100 θυγατέρα
1008 2008 1234 2097 Ἡγησιπύλην
1264 2009 1334 2095 (τήν
1363 2032 1423 2074 om.
1452 2012 1533 2093 Rsv).
1570 2015 1611 2075 40
1633 2014 1688 2096 τής
1704 2010 1917 2096 Χερσονήσου

219 2121 338 2209 ταύτης
361 2126 429 2210 (τής
452 2146 511 2188 om.
528 2127 632 2205 PRsz).
666 2129 707 2190 47
731 2126 766 2192 έν
787 2129 826 2218 τῇ
851 2125 962 2211 ζητήσι
986 2125 1037 2216 (τή
1053 2145 1111 2188 om.
1128 2125 1231 2205 Plisz)‚
1254 2121 1312 2197 τάς
1326 2125 1402 2198 νέας
1426 2123 1495 2198 τάς
1511 2122 1622 2199 πάσας
1638 2125 1713 2208 (τάς
1733 2146 1793 2188 om.
1810 2125 1916 2208 Pllsz).

220 2237 260 2299 49
283 2236 317 2312 ές
337 2237 396 2322 τήν
417 2236 573 2322 Σπάρτην
602 2237 671 2324 (τήν
693 2260 751 2303 om.
775 2241 839 2322 us),
870 2235 1066 2323 κατηγόρεον
1087 2238 1152 2301 τάν
1177 2236 1387 2319 Αἰγινητέων
1411 2235 1490 2318 (τῶν
1517 2258 1576 2300 om.
1600 2238 1707 2321 PRsz).
1743 2239 1783 2300 50
1812 2239 1916 2321 ε’ίρετο

221 2344 272 2414 ὅτι
296 2347 328 2414 oi
351 2352 401 2433 εἴη
425 2350 461 2414 τὸ
486 2348 612 2434 οὔνομα
634 2351 682 2429 (cd
705 2373 762 2416 om.
785 2355 848 2433 Rs).
884 2352 923 2414 53
940 2347 1025 2414 κατά
1047 2349 1089 2412 τά
1110 2347 1270 2430 λεγόμενα
1293 2349 1345 2429 (τά
1360 2371 1419 2414 om.
1442 2351 1476 2425 R,
1500 2347 1744 2433 καταλεγόμενα
1767 2357 1820 2431 sc),
1843 2352 1917 2427 τούς

220 2462 500 2545 καταλεγομένους
528 2461 639 2546 ὀρθῶς
667 2466 699 2527 in
722 2467 812 2528 ABCd
843 2470 908 2544 (cet.
931 2462 1006 2537 τούς
1035 2464 1116 2536 cml.
1162 2465 1226 2538 Quo
1249 2466 1339 2527 modo
1362 2465 1502 2526 articulus
1525 2463 1562 2525 ab
1584 2464 1734 2527 Herodoto
1756 2473 1916 2546 usurpatus

220 2576 259 2637 sit
280 2595 342 2638 nou
364 2576 435 2638 satis
457 2585 588 2649 constat,
619 2587 649 2639 ct
677 2579 856 2641 contendere
879 2578 972 2640 ausim
999 2596 1063 2639 rem
1086 2594 1241 2656 nunquam
1269 2597 1304 2640 eo
1331 2577 1453 2658 perduci
1482 2596 1589 2658 posse,
1623 2585 1656 2638 ut
1688 2577 1857 2658 ubicunque
1884 2579 1916 2640 in

219 2687 302 2749 libris
332 2689 410 2750 varia
436 2689 589 2768 leguntur,
625 2708 678 2770 pro
707 2699 787 2752 certo
825 2698 989 2753 statuamus
1028 2689 1098 2770 quid
1135 2689 1173 2750 sit
1210 2691 1397 2769 ponendum3
1429 2698 1511 2752 tanta
1545 2698 1590 2752 est
1622 2690 1745 2752 varietas
1778 2691 1915 2753 dictionis

220 2801 413 2863 Herodoteae.
458 2802 643 2882 Quamquam
670 2804 721 2885 qui
747 2804 851 2866 acriter
878 2803 1041 2865 observarit
1064 2809 1093 2863 et
1119 2802 1273 2882 diligenter
1294 2803 1458 2882 collegerit,
1485 2821 1546 2864 non
1572 2821 1663 2882 pauca
1690 2803 1821 2865 inveniet
1842 2822 1917 2884 quae

220 2915 255 2976 ad
287 2921 400 2976 textum
432 2916 648 2977 emendandum
682 2917 857 2998 pertineant.
903 2916 989 2978 Velut
1023 2914 1055 2977 in
1087 2915 1162 2976 libro
1195 2915 1291 2994 primo
1325 2928 1385 2976 non
1420 2915 1486 2994 plus
1520 2914 1619 2977 tricies
1648 2915 1788 2978 articulus
1818 2916 1916 2978 nomi-

219 3027 307 3088 nibus
329 3026 447 3088 urbium
470 3028 586 3089 additus
609 3036 653 3089 est
675 3028 765 3108 idque
786 3029 961 3110 plerumque
984 3027 1108 3089 urbibus
1130 3027 1305 3116 notissimis,
1330 3036 1364 3088 ut
1388 3025 1540 3089 Sardibus.
1585 3026 1741 3089 Nonnullis
1762 3028 1835 3090 locis
1856 3029 1916 3090 rim

220 3138 482 3201 demonstrativam
505 3140 613 3202 habere
628 3141 757 3217 videtur3
780 3142 859 3203 velut
880 3141 925 3201 11
950 3139 988 3227 τή
1011 3137 1048 3201 δὲ
1070 3135 1152 3221 άλλη
1173 3136 1436 3202 ἐσαπικνέεσθαι
1459 3137 1515 3201 καὶ
1537 3136 1577 3222 δή
1601 3138 1657 3200 καὶ
1680 3135 1851 3223 ἕςἍργος·
1879 3138 1915 3204 cd

220 3248 258 3313 δὲ
280 3248 406 3333 Ἄργος.
450 3253 559 3314 Confer
586 3253 675 3315 1102
702 3249 996 3336 συστρατευόμενος
1024 3249 1082 3314 ε’πὶ
1110 3250 1185 3324 τούς
1209 3245 1403 3335 Ἀσσυρίους
1433 3249 1489 3312 καὶ
1511 3245 1694 3335 Ἀσσυρίων
1720 3243 1855 3326 τούτους
1883 3255 1920 3315 ολ

221 3365 325 3426 Νίνον
347 3363 436 3442 sipon
457 3399 499 3408 —
522 3362 692 3449 διεφθάρη
716 3375 745 3428 et
767 3385 843 3447 quae
865 3366 897 3426 in
919 3365 1052 3446 proximo
1076 3365 1170 3444 capite
1203 3372 1317 3426 extant:
1352 3359 1561 3443 ἐστρατεύετο
1584 3363 1640 3445 (sc.
1663 3364 1739 3425 lilius
1771 3365 1835 3427 eius
1866 3367 1917 3447 qui

222 3478 337 3538 occisus
360 3481 434 3554 erat)
462 3471 496 3551 ές
521 3476 580 3562 τήν
607 3482 728 3555 Νίνον,
757 3479 928 3562 τιμωρέων
955 3501 990 3541 τε
1018 3476 1064 3560 τῷ
1090 3474 1193 3559 πατρὶ
1221 3473 1277 3537 καὶ
1302 3473 1359 3559 τής
1386 3471 1488 3538 πάλιν
1509 3457 1763 3558 ταύτηνθέλων
1785 3475 1916 3549 ἐξελεῖν.

221 3589 373 3670 Nusquam
396 3590 535 3652 articulus
558 3591 589 3652 in
611 3592 704 3654 titulis
726 3592 892 3673 principum
909 3590 1001 3672 (velut
1023 3586 1242 3672 17τύραννος
1264 3586 1429 3671 Σαρδίων)
1453 3596 1504 3651 aut
1525 3590 1550 3651 si
1566 3607 1677 3651 nomen
1691 3590 1775 3652 urbis
1797 3608 1916 3670 aprae-

221 3702 370 3783 positione
403 3703 536 3784 pendens
569 3704 647 3766 inter
680 3703 758 3766 aliud
789 3703 1007 3766 substantivum
1042 3704 1164 3784 eiusque
1193 3702 1349 3764 articulum
1376 3701 1521 3763 insertum
1552 3709 1605 3777 est,
1638 3710 1673 3764 ut
1694 3702 1785 3763 1179
1808 3699 1857 3782 (τὸ
1880 3698 1915 3764 ἓν

220 3813 397 3896 Βαβυλῶνι
412 3818 531 3894 τεῖχος)
548 3817 560 3877 1
577 3815 636 3878 182
652 3814 727 3897 (τοῦ
739 3812 774 3878 ἕν
787 3811 965 3897 Βαβυλῶνι
980 3811 1068 3897 ἱροῦ)
1084 3823 1245 3895 usurpatus
1257 3813 1380 3876 ridetur.
1414 3814 1517 3895 Neque
1531 3824 1634 3876 tamen
1646 3815 1717 3896 quid
1730 3815 1802 3877 certi
1818 3815 1915 3876 dicere

220 3927 314 4003 volui3
337 3947 405 3989 nam
427 3948 474 3990 res
498 3937 542 3991 est
564 3929 691 3992 maxime
712 3928 833 3991 lubrica.
877 3927 974 3990 Pauca
997 3929 1153 4008 adiungam
1176 3928 1212 3989 de
1236 3927 1387 3989 nonnullis
1411 3946 1446 3988 ex
1469 3927 1510 3989 eis
1532 3928 1604 3990 locis
1620 3947 1694 4010 quos
1717 3946 1805 4008 supra
1821 3925 1913 3988 attuli.

221 4040 313 4102 Verba
334 4037 371 4102 τό
394 4039 507 4104 κοινὸν
528 4041 592 4104 τῶν
614 4043 748 4123 Σαμίων
770 4045 806 4118 (ο.
825 4041 877 4120 14)
905 4061 958 4122 per
981 4060 1012 4102 se
1035 4041 1108 4102 nibil
1129 4040 1240 4102 habent
1268 4040 1458 4117 offensionis3
1490 4041 1563 4102 item
1591 4041 1757 4102 Herodotus
1785 4039 1916 4120 loquitur

219 4154 243 4214 V
261 4152 331 4226 109,
357 4151 409 4214 ubi
431 4153 463 4213 in
484 4171 534 4215 rsv
556 4155 632 4216 male
654 4151 696 4216 τά
718 4151 815 4216 κοινά
836 4163 930 4229 extat;
958 4161 988 4214 at
1010 4154 1105 4214 elucet
1126 4154 1220 4214 multo
1242 4152 1355 4214 facilius
1385 4152 1416 4213 in
1438 4151 1503 4214 τῶν
1519 4147 1636 4216 Ἰάνων
1662 4152 1789 4215 scribam
1819 4171 1915 4216 errare

220 4265 351 4346 potuisse
373 4284 461 4346 quam
484 4266 515 4327 in
537 4265 574 4328 τὸ
593 4261 715 4329 Ἰάνων.
760 4267 843 4329 Adde
865 4265 956 4329 11158
979 4265 1037 4328 τοῦ
1060 4264 1173 4327 κοινοῦ
1195 4263 1260 4327 τάν
1281 4265 1529 4347 Σπαρτιητέων,
1554 4265 1603 4327 ubi
1624 4267 1656 4327 in
1678 4266 1760 4328 dB¹d
1774 4285 1830 4347 pro
1852 4259 1916 4328 coin

220 4379 329 4457 legitur
351 4376 422 4453 σού,
445 4379 525 4459 quod
549 4398 583 4440 ex
604 4378 663 4442 τοῦ
686 4387 860 4458 corruptum
884 4397 949 4440 esse
971 4378 1164 4440 manifestum
1189 4385 1243 4439 est.
1280 4378 1381 4457 ltaque
1403 4384 1532 4458 utroque
1554 4379 1618 4440 loco
1640 4379 1819 4458 singularem
1841 4378 1915 4441 scri-

220 4493 290 4554 bere
311 4492 421 4554 malim.
444 4526 485 4537 —
508 4492 538 4554 G.
556 4491 596 4552 39
617 4492 676 4555 τού
700 4494 852 4576 Θρηίκων
874 4488 1029 4573 βασιλέος
1051 4489 1121 4574 τήν
1142 4491 1312 4572 θυγατέρα
1331 4485 1555 4574 Ἡγησιπύλην
1578 4492 1649 4574 (τήν
1671 4510 1729 4552 om.
1753 4491 1837 4570 Rsv);
1859 4508 1916 4552 vau

221 4605 399 4666 Herwerden
429 4614 589 4668 comment.
614 4605 677 4668 crit.
710 4606 741 4666 in
765 4607 833 4680 ller.
861 4625 891 4686 p.
911 4603 951 4664 21
980 4604 1083 4666 scribit
1110 4603 1182 4678 „12
1214 4598 1366 4686 ἁρπάσαι
1393 4601 1450 4665 τοῦ
1477 4601 1632 4684 βασιλέος
1659 4600 1718 4686 τήν
1747 4604 1916 4685 θυγατέρα

221 4712 393 4801 Εὐρώπην.
437 4717 600 4779 Articulum
623 4718 764 4780 omittunt
786 4718 877 4790 Rbdz,
901 4735 962 4779 non
985 4718 1074 4789 male,
1099 4717 1127 4778 'si
1156 4723 1236 4779 recte
1264 4715 1347 4777 abest
1368 4734 1457 4796 supra
1479 4716 1523 4777 ll
1550 4713 1666 4779 ἐλθεῖν
1688 4712 1746 4778 ἐπὶ
1767 4713 1826 4798 τήν
1847 4705 1916 4776 θά-

220 4829 349 4894 λασσαν
369 4837 526 4908 γυναῖκας
549 4825 650 4903 ἄλλας
675 4853 710 4894 τε
731 4826 858 4903 πολλάς
879 4828 935 4892 καὶ
958 4827 998 4912 δή
1028 4827 1164 4892 καὶτοῦ
1186 4826 1343 4910 βασιλέος
1364 4823 1550 4912 θυγατέρα,
1580 4829 1631 4891 ubi
1657 4829 1689 4889 iu
1711 4828 1792 4890 nullo
1814 4826 1915 4889 codice

222 4944 350 5007 additur.
395 4943 504 5005 Eadem
527 4944 720 5006 estuarietas
743 4943 1008 5024 insequentibus:
1039 4937 1191 5026 άρπάσαι
1212 4941 1271 5004 τού
1294 4939 1450 5023 βασιλέος
1478 4939 1536 5024 τήν
1559 4935 1727 5024 θυγατέρα
1751 4936 1915 5023 Μηδείην,

223 5057 275 5120 ubi
296 5056 452 5118 articulum
479 5055 621 5119 omittunt
647 5056 715 5137 Ppr.
738 5053 831 5116 Rbdz.
875 5055 990 5130 Moneo,
1025 5063 1059 5118 ut
1088 5055 1162 5118 alius
1190 5055 1360 5136 diligentius
1389 5056 1442 5116 hac
1468 5054 1589 5135 quidem
1614 5053 1646 5115 in
1672 5071 1704 5116 re
1733 5053 1862 5134 inquirat
1883 5052 1916 5114 in

222 5188 308 5232 usum
332 5169 565 5232 Herodoteum.“
598 5169 737 5232 Eiusdem
761 5169 877 5249 generis
900 5175 946 5230 est
967 5168 1058 5240 locus,
1081 5187 1171 5248 quem
1194 5186 1283 5249 supra
1307 5168 1403 5242 attuli,
1427 5167 1529 5230 eadem
1554 5173 1598 5229 est
1619 5165 1652 5228 in
1673 5166 1756 5228 libris
1781 5165 1915 5228 varietas.
