4376 5708
544 1741 606 1841 De
628 1777 779 1840 codicibus
801 1777 952 1850 Herodoti,
975 1783 1131 1855 postquam
1155 1775 1285 1838 Steinius
1307 1776 1336 1836 id
1359 1777 1437 1856 quod
1461 1783 1546 1837 antea
1570 1777 1801 1848 confirmaverat,
1824 1776 1888 1855 ipse
1912 1775 2027 1856 publice

403 1890 508 1953 lutaut
531 1890 722 1967 codicemque
744 1887 905 1949 Mediceum
928 1887 1063 1948 omnium
1086 1888 1375 1966 praestantissimum
1398 1887 1545 1960 iudicavit,
1574 1888 1671 1949 omnis
1695 1886 1838 1948 dissensio
1860 1887 1938 1948 inter
1961 1888 2029 1948 bom

403 2004 506 2064 doctos
528 2001 641 2063 sublata
666 2019 730 2062 esse
746 2000 907 2062 videbatur.
952 1999 989 2060 Et
1010 2000 1144 2078 prolecto
1167 2007 1267 2078 partes
1291 2000 1497 2075 Sancroltiani,
1520 2000 1564 2062 cui
1588 1999 1657 2060 olim
1682 1998 1811 2060 Steinius
1832 1998 2030 2061 Gaisfordium

403 2122 489 2175 cutus
512 2131 646 2193 magnam
669 2111 873 2174 auctoritatem
897 2110 1079 2184 attribuerat,
1101 2110 1158 2172 ianr
1181 2129 1271 2172 nemo
1295 2121 1340 2174 est
1365 2113 1415 2192 qui
1441 2120 1572 2185 tueatur3
1595 2112 1647 2172 sed
1663 2111 1790 2172 duorum
1811 2111 1934 2173 aliorum
1962 2113 2026 2174 codi

371 2293 374 2297 ,
403 2226 536 2287 eiusdem
568 2224 684 2304 stirpis,
712 2223 821 2285 codicis
844 2222 968 2284 Romani
999 2222 1048 2298 (R)
1077 2233 1107 2283 et
1132 2224 1242 2285 codicis
1264 2223 1501 2286 vindobonensis
1523 2223 1565 2303 (r)
1593 2222 1763 2304 nuperrime
1790 2224 1906 2303 patroni
1936 2224 2025 2286 ertite

404 2355 465 2399 non
489 2335 710 2408 contemnendi,
732 2334 860 2396 Cebetas
884 2343 914 2395 et
936 2333 1135 2414 Gomperzius.
1187 2335 1237 2397 llle
1258 2336 1316 2398 iam
1339 2339 1371 2398 V.
1387 2337 1420 2399 L.
1444 2336 1489 2415 (2)
1512 2355 1539 2417 p.
1556 2335 1777 2398 lassesceret
1799 2354 1893 2415 ,‚qnae
1907 2343 1953 2397 est
1968 2337 2040 2410 dete³

402 2458 498 2512 textus
520 2447 681 2512 llerodotei
704 2446 847 2517 recensio,
871 2447 1017 2526 optimum
1041 2454 1148 2508 testem
1172 2447 1258 2509 babet
1280 2447 1485 2510 Florentinum
1507 2449 1540 2523 Α,
1571 2456 1600 2510 et
1627 2453 1702 2528 quae
1735 2456 1780 2509 est
1810 2447 1960 2528 aliquanto
1993 2453 2041 2509 mel

405 2562 529 2624 minime
551 2561 661 2622 malum
685 2559 853 2620 Romanurn
875 2558 930 2630 R“,
955 2558 1112 2639 simulque,
1142 2559 1166 2621 si
1189 2559 1246 2621 sibi
1269 2560 1360 2621 otium
1385 2569 1472 2633 esset,
1504 2559 1664 2622 editionem
1692 2559 1822 2621 criticam
1852 2559 2032 2622 Steinianam

401 2673 489 2735 initio
512 2693 544 2735 se
566 2673 746 2733 relecturum
770 2678 858 2750 atque
881 2671 1109 2733 emendaturum
1133 2673 1325 2752 promiserat3
1347 2672 1376 2733 id
1400 2673 1479 2753 quod
1502 2690 1583 2734 nunc
1605 2679 1754 2752 praestare
1776 2672 1914 2753 coepit¹).
1959 2673 2040 2735 Simil

407 2783 632 2866 componeret)
658 2783 839 2846 sententiam
863 2783 968 2844 Steinii
998 2784 1166 2864 impugnat,
1189 2785 1244 2846 bac
1265 2793 1365 2846 tamur
1386 2802 1418 2846 re
1440 2785 1476 2846 ab
1498 2785 1547 2846 illo
1570 2785 1756 2859 dissentiens,
1780 2785 1858 2865 quod
1879 2785 1971 2846 codici
1993 2805 2010 2845 v
2031 2805 2042 2865 p

402 2897 585 2960 auctoritatis
607 2895 741 2958 attribuit
763 2913 850 2974 quam
873 2884 1018 2968 liomano,
1041 2915 1109 2957 cum
1137 2896 1207 2959 dicit
1230 2916 1266 2970 „v
1288 2897 1326 2958 ist
1352 2897 1406 2958 der
1430 2897 1549 2959 naivere
1576 2898 1638 2959 und
1666 2897 1773 2959 mithin
1798 2897 2013 2958 verlilslicbere
2037 2919 2042 2958 ι

401 3009 582 3072 wertrollere
604 3009 657 3070 der
667 3007 778 3068 beiden
793 3007 940 3087 Zeugen“.
986 3008 1067 3081 Quae
1083 3027 1151 3070 cum
1167 3009 1206 3070 ita
1221 3009 1290 3084 sint,
1314 3008 1341 3070 ei
1357 3009 1408 3089 qui
1422 3010 1514 3071 textui
1530 3010 1673 3071 Herodoti
1693 3011 1877 3072 recensendo
1893 3028 2013 3092 operam
2036 3031 2042 3071 t

403 3123 499 3184 denuo
522 3139 571 3182 res
594 3128 638 3183 est
661 3119 871 3200 perscrutanda
894 3129 924 3182 et
945 3119 1054 3182 iudicio
1076 3121 1279 3200 integerrimo,
1301 3128 1446 3201 quantum
1468 3121 1531 3184 lieri
1553 3123 1671 3204 poterit,
1693 3122 1896 3202 aggredienda.

543 3235 585 3295 ilc
606 3232 736 3314 primum
760 3231 881 3312 quidem
907 3231 947 3293 illi
971 3232 1076 3293 Steinii
1099 3233 1294 3307 sententiam,
1323 3233 1521 3314 quodcunque
1546 3234 1578 3295 in
1607 3234 1741 3297 Romano
1769 3237 1832 3298 solo
1860 3234 1923 3297 aliis
1946 3235 2039 3297 codici

401 3344 635 3426 repugnantibus
658 3345 699 3406 ita
720 3345 842 3425 legatur,
865 3351 898 3408 ut
919 3351 1034 3406 rectum
1057 3344 1238 3425 dignumque
1259 3345 1297 3406 sit
1319 3340 1398 3425 quod
1420 3345 1452 3406 in
1477 3353 1591 3408 textum
1606 3346 1775 3427 recipiatur,
1798 3348 1827 3408 id
1846 3364 1935 3409 nona
1951 3349 2042 3428 princi

401 3457 433 3518 in
453 3457 502 3518 illo
532 3458 632 3531 fuisse,
662 3457 714 3518 sed
741 3475 757 3518 a
784 3463 949 3518 correctore
978 3457 1076 3536 aliquo
1106 3457 1180 3518 scite
1202 3457 1391 3518 emendatum
1415 3476 1487 3530 esse,
1515 3468 1595 3521 recte
1617 3459 1750 3521 refellere
1773 3460 1846 3521 mibi
1868 3461 2012 3522 ridentur.

403 3571 458 3632 bac
480 3587 512 3631 re
533 3569 787 3649 Webrmannusl)
813 3569 962 3632 uberrime
988 3568 1020 3630 in
1047 3569 1185 3649 primitiis
1212 3570 1378 3632 studiorum
1401 3588 1523 3632 suorum
1546 3571 1618 3648 egit,
1647 3571 1678 3632 in
1706 3590 1740 3633 eo
1769 3580 1888 3634 tantum
1916 3590 1977 3634 non
2006 3591 2042 3634 re

402 3683 480 3764 quod
509 3683 551 3744 eis
580 3702 655 3763 quae
679 3682 810 3746 Steinius
832 3682 982 3764 praefatus
1006 3691 1050 3744 est
1071 3700 1180 3763 parum
1204 3683 1360 3761 diligenter
1381 3683 1465 3745 lectis
1488 3701 1548 3744 non
1570 3682 1787 3758 animadvertit,
1813 3685 1922 3748 abillo
1945 3685 2042 3746 lectior

403 3795 532 3876 quaein
555 3795 658 3857 Rsolo
682 3803 790 3868 extant,
813 3795 849 3856 ab
872 3795 914 3856 eis
936 3794 1169 3873 discerni‚0quae
1192 3794 1281 3856 etiam
1303 3794 1335 3856 in
1358 3794 1491 3856 Parisino
1514 3795 1561 3874 (P)
1577 3796 1780 3858 inveniuntur.
1825 3796 1975 3858 Confiteor
1990 3797 2042 3858 de'

405 3908 506 3970 codice
527 3909 659 3970 nondum
685 3908 756 3969 mibi
778 3907 850 3969 satis
874 3926 939 3969 esse
960 3907 1075 3981 iudicii;
1109 3907 1239 3969 concedo
1262 3906 1383 3988 quidem
1405 3907 1547 3969 lectiones
1570 3907 1676 3969 codicis
1698 3908 1723 3968 R
1745 3908 1857 3969 testeP
1877 3908 1944 3989 plus
1968 3917 2042 3971 aucto

405 4019 473 4082 tatis
487 4020 606 4094 babere,
630 4021 719 4100 quod,
742 4020 767 4082 si
784 4019 871 4082 etiam
888 4020 919 4081 in
934 4021 991 4081 boc
1006 4019 1106 4081 codice
1122 4027 1232 4090 extant,
1247 4020 1277 4080 in
1293 4019 1393 4081 codice
1408 4020 1536 4099 quodam
1553 4039 1600 4081 eas
1615 4019 1707 4082 fuisse
1729 4029 1859 4100 apparet,
1883 4021 1933 4102 qui
1950 4041 2017 4084 cum
2040 4047 2042 4078 2

403 4140 514 4211 quanto
533 4132 678 4194 vetustior
692 4132 867 4194 iudicandus
883 4133 931 4204 sit,
955 4132 1047 4192 multo
1068 4131 1243 4211 integriores
1266 4131 1407 4194 lectiones
1430 4131 1569 4193 babuisse
1596 4142 1722 4213 oportet.
1767 4133 1822 4195 Sed
1846 4153 1913 4196 cuni
1936 4135 1967 4196 in
1990 4135 2042 4216 prii

405 4243 487 4305 libris
510 4251 606 4306 textus
630 4244 737 4306 codicis
759 4244 782 4304 P
806 4264 841 4305 er
863 4243 936 4304 libro
960 4243 1088 4324 quodam
1111 4243 1232 4305 alterius
1256 4243 1356 4323 stirpis
1379 4243 1528 4306 derivatus
1551 4245 1598 4318 sit,
1622 4264 1690 4307 cum
1713 4246 1761 4307 bic
1783 4247 1874 4308 codex
1889 4245 1920 4308 in
1942 4247 2004 4309 aliis
2027 4267 2042 4328 p

404 4357 484 4419 tibus
506 4356 699 4418 historiarum
722 4356 863 4418 llerodoti
885 4363 951 4418 tum
966 4354 1139 4430 llediceum,
1163 4365 1227 4418 tum
1250 4356 1417 4418 Romanurn
1442 4366 1591 4436 sequatur,
1615 4357 1772 4420 nonsatis
1793 4367 1908 4420 certum
1924 4359 1997 4420 mibi
2013 4361 2041 4420 vi

402 4476 453 4531 tur
475 4469 555 4548 quod
578 4468 706 4530 Steinius
730 4467 887 4540 concludit,
920 4467 1064 4548 quidquid
1085 4468 1118 4528 in
1139 4468 1166 4528 R
1188 4468 1251 4532 solo
1273 4468 1320 4542 sit,
1352 4486 1440 4530 omne
1469 4488 1534 4530 esse
1561 4478 1692 4532 erratum
1722 4479 1774 4532 aut
1797 4479 1961 4533 correctum
1991 4473 2042 4552 (pn

402 4600 431 4662 p.
455 4579 583 4661 XXXll).
630 4581 694 4654 Qua
718 4580 915 4642 relectiones
939 4580 1047 4643 codicis
1070 4581 1104 4655 R,
1128 4581 1291 4642 dummodo
1313 4581 1457 4642 Herodoti
1480 4583 1685 4644 consuetudini
1700 4583 1840 4664 loquendi
1863 4584 1954 4663 magis
1970 4603 2042 4665 resp

404 4695 502 4767 deant,
525 4693 557 4754 in
579 4700 692 4754 textum
715 4664 846 4773 recipere
868 4710 930 4754 non
954 4693 1066 4755 dubito.

537 4903 559 4966 ¹)
578 4901 638 4952 Cum
655 4902 717 4952 baec
735 4901 884 4964 scribebam,
911 4901 954 4954 vir
976 4902 1139 4953 doctissimus
1164 4902 1212 4954 iam
1230 4902 1312 4954 libros
1329 4900 1407 4954 l-lll
1425 4910 1631 4969 pertractaverat
1648 4904 1780 4967 (Maenas.
1799 4903 1826 4956 Χ
1844 4922 1867 4972 p.
1885 4907 2034 4970 too—4133

404 5003 427 5053 p.
447 4987 572 5053 att—106,
593 4988 736 5053 att-160,
754 4988 908 5046 tat-aon.
1009 4987 1030 5054 ¹)
1049 4989 1247 5040 llerodoteiscbe
1264 4989 1370 5042 Studien
1387 4990 1406 5041 Ι.
1426 4990 1455 5040 ll.
1490 4988 1673 5056 (Sitanngsber.
1692 4992 1738 5043 der
1756 4992 1922 5058 phil-histor.
1941 4991 2033 5045 lilnsse

403 5073 468 5124 lrais.
488 5074 569 5125 atad.
587 5076 632 5126 der
651 5075 731 5126 Wiss.
768 5074 846 5126 Wien
867 5074 943 5140 1883,
961 5090 984 5140 p.
1004 5075 1146 5140 141-178,
1170 5076 1312 5127 ott—606.
1414 5077 1435 5144 ⁸)
1459 5077 1495 5128 lle
1519 5078 1654 5129 llerodotei
1682 5078 1779 5129 codicis
1802 5078 1908 5130 Romani
1931 5081 2042 5131 auctorit

404 5159 475 5211 llalis
498 5159 569 5211 1882.

1851 5250 1884 5306 1*
