4376 5708
969 311 1187 374 ..12-

226 485 388 572 Ἡρακλέα
415 479 622 562 α’πικέσθαι,
655 495 812 568 postquam
843 505 930 568 supra
958 487 1016 548 iam
1044 487 1155 550 dictum
1185 497 1230 551 est
1256 484 1417 572 Ἡρακλέα
1444 485 1632 554 ἀπικέσθαι
1662 487 1695 568 ἒς
1721 493 1782 577 γῆν
1807 491 1928 579 ταύτην

230 599 350 664 έοῦσαν
372 597 502 684 ἐρήμην,
525 594 661 682 ἥντινα
683 598 742 664 νῦν
763 596 895 664 Σκύθαι
918 601 1095 684 νέμονται.9
1139 603 1311 684 Scripsisset
1339 603 1443 665 saltem
1471 604 1638 668 Herodotus
1665 603 1818 670 ἐνθεῦτεν
1840 606 1861 670 δ
1867 604 1887 692 η’
1893 608 1927 686 1).

229 716 292 778 Alio
319 716 385 777 loco
413 713 437 794 (l
461 714 532 790 129)
560 732 663 775 omnes
691 714 870 776 recentiores
897 715 1053 777 lectionem
1085 716 1218 778 codicum
1247 715 1318 776 luc
1352 714 1395 792 (εί
1426 715 1488 798 γὰρ
1522 714 1562 799 δὴ
1595 715 1686 780 δέον
1718 697 1938 802 περιθεῖναι)Ι

230 829 376 909 aspernati
399 825 472 891 δεῖν
486 827 518 888 in
534 835 648 889 textum
671 835 858 907 receperunt.
903 827 942 888 Ut
963 835 1042 890 recte
1065 829 1198 902 fecerint,
1229 827 1258 889 id
1280 847 1374 890 unum
1398 829 1576 892 contendere
1602 831 1689 892 velim
1713 828 1790 894 δέον
1810 850 1870 894 non
1893 853 1929 896 ex
2008 852 2010 872 ¹

230 940 414 1004 correctione
436 946 536 1002 ortum
559 959 638 1014 esse3
661 948 811 1001 corrector
832 928 901 1000 ἔδει
925 939 1101 1021 scripsisset.
1145 941 1179 1002 ln
1201 940 1306 1002 Aldina
1329 949 1429 1002 autem
1454 951 1621 1004 correctum
1644 951 1690 1004 est
1711 943 1794 1005 1164
1824 943 1854 1004 εί
1883 937 1928 1008 ὧν

230 1047 252 1136 ἤ
258 1073 278 1116 ν
301 1056 366 1132 (pro
389 1051 489 1126 εἶναι)
513 1057 542 1112 οῖ
563 1050 667 1112 11172
691 1049 721 1112 εί
742 1049 802 1132 γὰρ
825 1046 986 1134 πρότερον
1006 1045 1073 1134 ἦεν
1103 1055 1168 1133 (pro
1202 1051 1310 1127 εἶναι).
1356 1049 1549 1124 1ο11121ζ
1569 1054 1695 1133 denique
1723 1048 1779 1130 (oie
1806 1051 1843 1116 δὲ
1871 1053 1928 1116 καὶ

229 1163 334 1227 ταῦτα
356 1161 389 1237 ές
410 1161 469 1229 τδν
491 1160 632 1246 βασιλέα
652 1157 965 1244 ,ἆνενηνεϊχθαω
996 1158 1244 1245 ἐκπεπλῆχθαι)
1276 1181 1348 1224 num
1378 1163 1541 1226 infinitivus
1564 1165 1742 1245 aplerisque
1765 1165 1927 1230 editoribus

229 1285 308 1340 recte
330 1279 444 1358 positus
467 1279 519 1352 sit,
546 1277 629 1340 valde
659 1284 704 1336 est
726 1274 858 1336 dubium.
902 1274 1020 1354 Legitur
1048 1275 1126 1336 enim
1156 1276 1187 1337 in
1215 1269 1459 1357 Αδνηνείχθη,
1488 1275 1519 1338 in
1547 1276 1569 1336 B
1599 1270 1781 1360 ἀνηνέχθη,
1811 1278 1843 1339 in
1865 1279 1927 1342 urz

229 1385 416 1474 ανενείχθη,
439 1389 470 1450 in
485 1389 565 1450 Rvsd
581 1379 791 1470 α’νηνείχθαι,
814 1403 961 1468 nusquam
978 1381 1225 1468 οἷνενηνείχθαι.
1270 1383 1372 1459 Quid?
1394 1385 1562 1448 Herodotus
1579 1403 1680 1448 nonne
1702 1389 1853 1469 scripisset
1874 1391 1925 1452 in-

228 1503 374 1565 finitivum
397 1498 520 1563 coristi?
563 1500 663 1580 ltaque
687 1500 821 1580 suspicor
843 1499 1021 1562 infinitivum
1045 1499 1170 1578 perfecti
1192 1499 1224 1562 in
1246 1499 1303 1561 illis
1325 1498 1475 1561 codicibus
1498 1500 1590 1562 oculis
1612 1500 1726 1563 scribae
1747 1503 1780 1564 in
1802 1502 1925 1564 verbum

228 1634 358 1697 sequens
386 1613 591 1676 aberrantibus
618 1622 718 1675 ortum
747 1631 821 1674 esse.
865 1613 967 1694 Neque
996 1613 1073 1692 quod
1103 1612 1230 1674 Cobetus
1264 1612 1387 1690 (linem.
1410 1610 1451 1672 XI
1476 1630 1504 1691 p.
1524 1611 1596 1688 145)
1630 1613 1732 1674 scribit
1766 1614 1927 1687 „Herodoti

229 1727 414 1790 consuetudo
438 1725 605 1787 orationem
628 1724 804 1786 indirectam
827 1725 957 1804 postulat
980 1718 1179 1806 ἀνηνείχθαι
1203 1721 1294 1803 (οἱοί),
1321 1723 1410 1804 idque
1433 1723 1530 1803 ipsum
1554 1723 1586 1784 in
1608 1724 1707 1784 codice
1729 1724 1755 1786 R
1776 1735 1927 1788 serratum

229 1849 289 1911 est,
322 1839 373 1901 sed
407 1839 483 1900 male
516 1842 672 1918 spretum“
707 1855 754 1898 me
788 1843 897 1897 movet.
951 1836 1023 1898 Vide
1057 1855 1132 1916 quae
1165 1837 1253 1917 paulo
1284 1853 1373 1915 supra
1406 1835 1439 1897 in
1469 1835 1610 1898 omnibus
1644 1836 1793 1900 codicibus
1826 1848 1927 1902 extant

229 1951 341 2032 (121ε)
368 1947 424 2013 τὸν
452 1947 489 2012 δὲ
516 1947 667 2030 βασιλέα,
704 1943 746 2020 oie
777 1941 867 2029 αὐτῷ
895 1941 1090 2029 ἀπηγγέλθη
1123 1946 1181 2008 τοῦ
1211 1945 1321 2030 φωρὸς
1352 1940 1371 2008 δ
1405 1948 1497 2020 νέκυς
1530 1944 1791 2030 ἐκκεκλεμμένος,
1833 1949 1929 2016 δεινδι

229 2065 369 2128 ποιέειν.
396 2098 438 2108 -
467 2063 497 2125 G.
514 2062 565 2126 52.
600 2053 822 2145 πρεσβύτερον
850 2061 882 2124 in
908 2060 1008 2134 luco,
1036 2061 1225 2143 requiesque
1252 2059 1284 2119 in
1312 2057 1418 2120 ceteris
1441 2059 1530 2122 libris.
1576 2060 1711 2122 Editores
1739 2065 1928 2148 γεραίτερον

228 2179 430 2260 praetulerunt
463 2177 610 2247 arbitrati,
638 2176 661 2236 si
684 2182 763 2237 recte
784 2173 892 2247 iudico,
920 2174 952 2234 in
973 2173 1062 2235 ABCd
1086 2173 1212 2236 scribam
1234 2171 1358 2233 invitum
1381 2171 1453 2234 illud
1475 2171 1625 2253 posuisse,
1648 2175 1725 2253 quod
1750 2178 1850 2239 eadem
1874 2198 1928 2242 vox

227 2293 416 2374 paulosupra
433 2290 553 2352 etinfra
570 2289 725 2352 decadem
747 2307 780 2348 re
801 2288 958 2367 legeretur.
981 2322 1022 2334 —
1045 2287 1078 2348 ln
1101 2288 1206 2349 eodem
1229 2283 1324 2364 capite
1348 2284 1473 2363 legimus
1496 2284 1601 2346 inlisu
1623 2284 1688 2349 τοῖν
1711 2287 1872 2365 παιδίων,
1895 2292 1927 2354 in

229 2402 332 2465 ceteris
359 2400 424 2464 τῶν
450 2399 594 2464 παίδων.
638 2399 810 2462 Utrum¹sit
837 2406 967 2470 rectum,
997 2400 1063 2479 quis
1093 2399 1157 2460 sine
1183 2398 1240 2459 nlla
1263 2397 1445 2459 dubitatione
1472 2396 1655 2460 decreverit?
1692 2399 1837 2482 Persaepe
1860 2403 1926 2465 libri

227 2515 340 2576 variant
366 2514 444 2576 inter
471 2509 604 2575 παίδων
627 2519 656 2574 οῖ
678 2508 842 2585 παιδίων;
875 2510 979 2572 confer
1001 2511 1061 2572 112
1085 2519 1115 2572 οῖ
1138 2509 1166 2571 3.
1212 2510 1321 2571 Contra
1344 2509 1411 2569 vide
1432 2508 1469 2569 Vl
1492 2507 1550 2582 61,
1579 2509 1629 2571 ubi
1658 2511 1801 2576 παιδίον
1823 2524 1927 2597 quater

182 2623 183 2630 '
229 2627 368 2689 omnibus
395 2625 475 2687 libris
506 2624 758 2686 consentientibus
789 2624 826 2684 de
853 2623 980 2702 puellula
1007 2643 1023 2685 a
1052 2622 1169 2685 nutrice
1196 2623 1228 2683 in
1254 2622 1400 2703 templum
1427 2620 1555 2683 Helenae
1582 2631 1698 2703 portata
1732 2633 1777 2688 est
1804 2627 1924 2690 dictum.

229 2739 280 2800 Illo
310 2739 375 2800 loco
405 2736 573 2817 promiscue
603 2735 723 2816 quidem
746 2735 913 2797 Herodotus
936 2754 1022 2797 voces
1045 2733 1166 2807 παῖδες
1195 2745 1224 2796 οῖ
1253 2731 1377 2795 παιδία
1403 2752 1562 2813 usurpasse
1587 2737 1717 2812 videtum
1750 2747 1780 2801 at
1807 2740 1833 2800 si
1862 2759 1926 2802 rem

229 2851 393 2914 accuratius
420 2849 658 2928 investigarem,
689 2849 846 2910 discrimen
875 2849 954 2910 inter
981 2849 1044 2910 illas
1074 2867 1159 2910 voees
1188 2848 1298 2909 lactum
1328 2865 1392 2908 esse
1422 2863 1590 2925 cognosces.
1635 2849 1725 2912 Recte
1747 2859 1794 2913 est
1815 2852 1926 2916 dictum

227 2961 519 3045 Λακεδαιμονίους
542 2959 721 3042 βουλεῦσαι
744 2957 827 3022 κατὰ
847 2957 949 3040 νόμον
970 2957 1111 3042 βασιλέα
1132 2959 1198 3022 τοῖιν
1214 2956 1348 3022 παίδων
1369 2955 1427 3019 τὸν
1449 2955 1674 3042 πρεσβύτερον
1695 2961 1925 3046 posteaquam

228 3094 296 3138 nam
319 3077 368 3138 bic
389 3075 491 3137 aetatis
514 3091 675 3155 puerorum
698 3074 773 3134 ratio
796 3081 921 3135 nonest
943 3072 1049 3134 habita.
1084 3072 1186 3153 Neque
1209 3072 1293 3135 aliter
1314 3089 1364 3132 res
1387 3091 1419 3133 se
1443 3071 1531 3134 babet
1552 3073 1584 3134 in
1606 3075 1702 3136 verbis
1724 3073 1783 3158 τὴν
1804 3077 1927 3160 μητέρα

229 3187 294 3250 τῶν
312 3183 550 3270 Ἀριστοδήμου
574 3183 720 3260 παίδων,
737 3204 803 3246 cum
827 3203 888 3246 non
904 3185 941 3246 de
956 3185 1100 3265 puerulis,
1124 3185 1174 3246 sed
1191 3185 1227 3245 de
1249 3194 1343 3246 matre
1360 3194 1470 3264 agatur.
1505 3186 1613 3248 Contra
1635 3178 1666 3247 in
1683 3189 1823 3251 omnibus
1845 3189 1926 3252 libris

228 3309 308 3364 recte
337 3307 416 3362 extat
443 3299 480 3362 τὸ
509 3296 650 3362 παιδίον
677 3297 713 3360 τὸ
741 3295 938 3379 τιμώμενον,
974 3298 1052 3378 quod
1084 3299 1120 3359 de
1148 3297 1263 3358 infante
1290 3299 1419 3372 lactenti,
1454 3318 1471 3360 a
1500 3307 1595 3362 matre
1624 3299 1720 3361 lavato
1753 3309 1782 3362 et
1814 3302 1926 3364 nutrito

230 3422 276 3476 est
298 3413 417 3474 dictum.
464 3411 559 3472 Etiam
583 3411 687 3492 Pythia
716 3418 840 3472 aetatem
871 3411 988 3472 illorum
1011 3410 1174 3490 respiciens
1196 3411 1357 3490 respondet
1386 3419 1546 3492 utrumque
1573 3413 1730 3493 puerulum
1758 3414 1822 3476 loco
1850 3413 1926 3494 regis

228 3527 358 3588 babeant
388 3519 576 3606 (ἀμφότερα
602 3521 644 3586 τὰ
671 3520 796 3584 παιδία
823 3517 1018 3604 ἡγήσασθαι
1041 3518 1224 3603 βασιλέας).
1269 3523 1371 3604 ltaque
1395 3543 1462 3587 mea
1484 3525 1604 3604 quidem
1628 3519 1772 3586 sententia
1796 3525 1924 3588 Cobetus

228 3639 288 3700 112
311 3636 382 3700 et3
410 3636 568 3698 lectionem
599 3635 733 3697 codicum
756 3635 833 3697 Rdsz
860 3631 1020 3706 παιδίων,
1049 3653 1123 3713 quae
1154 3634 1293 3696 omnibus
1321 3636 1405 3698 libris
1433 3637 1685 3698 consentientibus
1712 3646 1795 3700 antea
1824 3647 1925 3719 quater

230 3759 318 3824 extat,
340 3750 371 3810 in
395 3756 510 3809 textum
531 3748 623 3829 recipi
644 3756 725 3810 recte
741 3748 831 3820 iubet,
854 3766 922 3809 eum
946 3746 1018 3807 dicit
1039 3738 1192 3824 (Mnemos.
1210 3744 1248 3807 Xl
1266 3766 1296 3827 p.
1316 3749 1387 3825 125)
1412 3757 1515 3822 „erant
1538 3750 1617 3810 enim
1640 3750 1773 3812 bimuli.“
1818 3751 1927 3812 Contra

228 3863 318 3924 1114
340 3863 398 3922 iam
421 3859 572 3921 bekkerus
594 3867 674 3921 recte
698 3859 868 3921 emendavit
891 3854 937 3931 εἷς
959 3853 1085 3920 τούτων
1107 3857 1171 3920 τῶν
1193 3857 1374 3936 παίδων)
1406 3861 1502 3941 agitur
1528 3863 1607 3925 enim
1637 3863 1673 3923 de
1702 3863 1802 3942 pueris
1826 3863 1925 3924 decem

228 3992 384 4036 annorum.
430 3972 569 4034 Ceterum
585 3971 715 4034 Steinius
738 3972 794 4033 sibi
809 3990 871 4032 non
893 3976 1025 4043 constat3
1047 3987 1116 4031 uam
1139 3970 1170 4032 in
1192 3971 1295 4032 librol
1318 3972 1428 4052 (cdv)
1453 3971 1586 4036 recidor
1612 3983 1692 4035 recte
1715 3975 1842 4054 scripsit,
1865 3973 1925 4036 112

229 4087 285 4163 (ed.
301 4086 347 4160 lV)
370 4081 504 4147 araldum
523 4085 656 4158 servavit,
679 4085 776 4146 sedin
798 4082 935 4162 sequenti
950 4081 1044 4162 capite
1061 4081 1092 4142 in
1107 4080 1256 4146 nardium
1271 4084 1412 4157 mutavit3
1435 4085 1523 4146 etiam
1539 4085 1575 4146 Vl
1591 4084 1630 4146 52
1646 4083 1781 4148 παίδων
1795 4087 1925 4149 retinuit.

229 4233 270 4243 —
292 4199 327 4260 ln
351 4198 455 4259 eodem
479 4197 573 4276 capite
595 4196 718 4276 legimus
746 4196 777 4257 in
800 4196 949 4260 codicibus
972 4193 1090 4257 ulnvsz
1113 4195 1158 4279 τῷ
1182 4193 1218 4258 δὲ
1240 4197 1385 4278 νεωτέρῳ
1411 4174 1572 4278 Προκλέα,
1601 4197 1633 4257 in
1656 4199 1761 4260 ceteris
1783 4200 1925 4282 νεωτέρῳ

229 4312 320 4384 deest,
354 4310 433 4390 quod
456 4329 472 4370 e
502 4309 613 4370 scholio
642 4308 797 4389 irrepsisse
827 4309 885 4370 iam
915 4309 1213 4388 Schweighaeuserus
1241 4308 1395 4369 intellexit.
1418 4343 1460 4352 -
1483 4309 1513 4371 G.
1530 4307 1570 4369 53
1599 4307 1682 4372 κατὰ
1704 4309 1745 4373 τδι
1767 4309 1926 4393 λεγόμενα

227 4418 286 4486 ὁπ’
304 4415 486 4506 Ἑλλήνων)
508 4422 540 4482 in
562 4421 621 4484 Rsv
641 4419 683 4482 τὰ
705 4421 848 4484 omissum
873 4429 926 4493 est,
948 4422 979 4482 in
1003 4421 1044 4483 Cd
1067 4419 1151 4482 κατὰ
1171 4413 1275 4482 ταῦτα
1299 4415 1460 4501 λεγόμενα
1482 4416 1538 4483 ὑπ’
1562 4417 1710 4506 ἀλλήλων
1734 4431 1820 4486 extat.
1866 4425 1925 4486 lam

230 4535 413 4597 Gaisfordius
425 4534 581 4595 lectionem
595 4533 729 4595 codicum
742 4533 812 4594 ΑΒΡ
824 4542 903 4596 recte
919 4533 1061 4608 defendit,
1077 4552 1144 4594 cum
1161 4533 1271 4594 diceret
1282 4533 1374 4607 „nihil
1389 4534 1527 4613 equidem
1539 4535 1623 4596 video
1635 4538 1714 4616 quod
1730 4536 1924 4616 improbem“.

229 4647 284 4710 Sed
307 4647 394 4727 paulo
415 4647 492 4708 infra
515 4648 546 4708 in
562 4646 632 4708 ABG
653 4642 715 4725 γὰρ
732 4645 771 4728 δὴ
794 4655 862 4727 post
883 4646 972 4708 verba
993 4642 1110 4729 γράφω
1137 4639 1274 4720 τούτους
1299 4646 1510 4728 interpolatum
1533 4654 1587 4709 est.
1626 4649 1747 4725 (Confer
1770 4647 1924 4729 Gomperz.

228 4761 367 4823 Zeitscbr.
391 4760 441 4820 fdr
463 4759 557 4822 Oestr.
581 4759 686 4839 Gymn.
712 4758 793 4821 1859
815 4779 844 4840 p.
869 4758 953 4840 828).
997 4759 1093 4820 Etiam
1114 4755 1156 4840 δὴ
1180 4759 1259 4839 quod
1290 4759 1398 4838 legitur
1425 4767 1494 4839 post
1515 4761 1610 4843 μέχρι
1634 4758 1694 4842 μὲν
1715 4761 1746 4822 in
1768 4761 1868 4835 Abdd,
1897 4768 1927 4822 et

362 5011 382 5074 1)
401 5005 439 5068 ὥς
455 5008 702 5062 tueturCavcllinns
719 5024 827 5076 qnoque,
844 5010 888 5076 qui
905 5009 932 5060 in
950 5009 1041 5059 libello
1060 5009 1109 5074 „de
1127 5008 1208 5059 modis
1226 5015 1302 5076 atque
1321 5009 1478 5076 temporibus
1492 5009 1619 5060 orationis
1633 5008 1751 5076 obliquae
1768 5009 1834 5078 apud
1846 5011 1926 5061 llero-

229 5099 340 5150 dotum“.
377 5097 479 5149 Lundee
500 5095 564 5146 1818
582 5111 606 5162 p.
619 5095 720 5147 85-96
738 5097 801 5146 brmc
820 5112 873 5147 rem
891 5096 1023 5146 tractavit.
