4376 5708
1130 335 1352 398 ..23-

395 512 503 588 (1042)
527 508 583 574 καὶ
607 507 685 592 τόγ’
708 507 748 576 ἂν
770 520 883 584 κακοῖς
904 508 1017 589 γελῶν.
1062 503 1524 593 10101001.Εηυ.696ἤσ6ην
1551 501 1722 584 ἀπειλαῖς,
1753 507 1893 588 ἐγέλασα
1921 459 2049 620 ψολοκ6

394 627 505 701 πέαις)
527 624 573 687 vel
595 643 663 688 cum
687 625 905 706 praepositione
927 621 995 698 έπί,
1012 623 1061 686 sic
1082 624 1300 704 praepositione
1321 621 1404 685 κατὰ
1425 623 1537 685 0610010
1558 641 1620 684 000
1643 623 1784 684 eumalio
1807 642 1876 685 casu
1892 621 2050 704 coniungit(

396 737 571 820 praesertim
595 756 662 800 cum
685 736 810 819 simplici
832 737 889 817 ipsi
912 737 994 798 notio
1017 735 1161 798 irridendi
1188 755 1253 798 esse
1277 736 1380 817 possit.
1425 735 1510 808 Quod
1531 742 1629 798 autem
1650 754 1711 797 uno
1732 735 1797 796 loco
1813 737 1890 816 apud
1906 735 2052 861 Herodotp

393 851 545 929 genetivus
569 851 604 912 ab
627 851 683 912 hoo
706 850 795 912 verbo
819 850 940 930 pendet,
969 849 1141 912 testimonio
1173 857 1218 912 est
1246 849 1306 911 iam
1333 849 1382 910 illa
1409 856 1504 910 aetate
1527 848 1775 928 praepositionem
1804 849 1840 910 ad
1869 848 1990 910 verbum
2019 863 2053 941 06

360 993 364 1004 ·
394 963 571 1026 struendum
593 963 689 1026 valere
712 961 855 1044 coepisse,
878 962 930 1024 sed
954 969 1156 1024 contentum
1181 961 1305 1024 valuisse
1329 961 1528 1042 quantumin
1551 961 1638 1022 attica
1660 979 1758 1040 prosa.
2052 943 2054 1021 i

540 1074 612 1138 Cum
641 1075 729 1154 igitur
757 1082 873 1138 constet
910 1073 993 1138 κατὰ
1022 1075 1123 1136 multis
1150 1074 1182 1135 in
1208 1073 1380 1154 compositis
1408 1073 1486 1154 apud
1516 1073 1700 1134 Herodotum
1733 1092 1795 1134 non
1822 1073 1901 1134 idem
1929 1073 2024 1152 signifi

397 1187 476 1267 quod
503 1187 580 1269 apud
603 1188 724 1262 Atticos,
753 1187 853 1250 multis
876 1187 958 1258 loeis,
986 1186 1093 1268 quibus
1115 1187 1163 1249 illa
1185 1188 1266 1248 notio
1293 1185 1504 1269 praepositioni
1532 1193 1577 1246 est
1605 1192 1655 1247 aut
1678 1203 1743 1248 esse
1773 1185 1903 1259 videtur,
1936 1205 2000 1248 eam
2030 1178 2057 1253 nl

394 1299 545 1380 pertinere
572 1300 607 1362 ad
635 1299 718 1362 verbi
747 1300 1014 1371 constructionem,
1049 1300 1136 1362 etiam
1166 1298 1197 1361 in
1226 1297 1472 1383 κατόμνυσθαι,
1499 1318 1535 1361 ex
1562 1317 1620 1378 quo
1644 1298 1751 1378 egressi
1773 1317 1886 1372 sumus,
1921 1298 1979 1360 vim
2009 1255 2059 1402 006

394 1412 614 1494 praepositione
642 1413 744 1492 augeri
771 1413 945 1474 confirmare
974 1431 1035 1474 non
1063 1412 1174 1474 dubito.
1214 1413 1435 1492 *Contemplare
1466 1430 1584 1492 quaeso,
1613 1429 1701 1472 usum
1732 1409 1815 1472 verbi
1837 1409 1929 1472 7169
1958 1406 2060 1490 (lycii

395 1520 607 1607 κατωμνόνην
629 1525 757 1608 φαμένη
781 1533 810 1586 01
831 1525 919 1606 paulo
943 1524 1018 1586 infra
1042 1519 1143 1608 ὁρέων
1166 1523 1204 1587 δέ
1225 1548 1266 1607 με
1288 1523 1555 1607 κατομνυμένην),
1579 1523 1686 1603 quibus
1708 1523 1780 1586 locis
1810 1523 1916 1585 hostile
1939 1523 2009 1604 quid
2032 1480 2061 1583 06

395 1637 585 1718 significatur.
627 1636 1512 1718 10000110650010101006011600060100109001000110
1546 1637 1623 1716 apud
1656 1637 1767 1698 iudices
1797 1636 1985 1698 iureiurando
2019 1626 2063 1700 001

395 1749 493 1811 firmat
521 1750 603 1812 illum
634 1768 697 1812 non
725 1769 789 1812 esse
811 1749 904 1812 lilium
926 1750 1080 1822 Aristonis,
1112 1751 1146 1813 ad
1176 1753 1254 1832 quod
1282 1751 1505 1832 significandum
1533 1750 1613 1811 idem
1643 1749 1766 1811 verbum
1794 1750 1872 1830 quod
1897 1769 1921 1811 c.
1937 1749 1978 1810 69
2006 1767 2061 1810 000

394 1869 498 1942 patum
526 1869 581 1924 est.
625 1862 745 1925 [latirus
775 1862 904 1944 denique
931 1863 1047 1926 additus
1076 1871 1121 1924 est
1152 1871 1187 1926 ut
1219 1863 1338 1927 additur
1369 1863 1458 1926 verbo
1487 1861 1613 1943 simplici
1640 1861 1754 1941 (conler
1776 1862 1864 1924 llom.
1886 1861 2066 1923 1111111171

396 1970 480 2058 πρός
501 1994 577 2039 τινα
600 1974 656 2036 06.
671 1974 742 2037 xlx
757 1973 874 2054 331)²).

538 2086 640 2149 Restat
661 2095 695 2149 ut
716 2106 809 2169 pauca
832 2088 868 2148 de
891 2087 988 2150 verbis
1011 2083 1217 2169 κατυβρίζειυ
1240 2095 1269 2150 et
1290 2086 1478 2151 καταείδειν
1499 2087 1641 2150 dicamus.
1685 2087 1719 2148 ln
1748 2087 1799 2148 illo
1825 2086 1931 2160 verbo,
1955 2087 2011 2149 etsi
2032 2104 2070 2176 nc

396 2205 441 2260 est
456 2199 577 2262 dubium
601 2199 674 2280 quin
692 2200 730 2284 in,
746 2201 964 2281 praepositione
980 2200 1023 2262 vis
1038 2200 1164 2280 augendi
1179 2200 1264 2272 insit,
1286 2207 1387 2262 tamen
1410 2202 1571 2282 quaeritur,
1594 2219 1653 2280 quo
1685 2200 1773 2262 modo
1803 2200 1917 2263 dativus
1946 2201 2071 2288 interpre

395 2311 502 2374 tandus
532 2313 585 2387 sit,
608 2313 693 2374 cuius
720 2314 784 2376 loco
812 2298 1010 2376 accusativum
1040 2320 1235 2393 expectamus.
1280 2313 1326 2392 nt,
1355 2313 1412 2375 nisi
1445 2313 1545 2388 fallor,
1581 2313 1704 2375 verbum
1738 2312 1862 2392 simplex
1885 2312 1921 2374 ab
1945 2289 2073 2378 Herodnl

396 2443 544 2506 nusquam
572 2443 640 2488 eum
663 2425 827 2488 accusativo
850 2443 994 2506 personae
1017 2425 1210 2488 coniunctum
1233 2433 1287 2500 est,
1309 2425 1360 2488 006
1383 2433 1434 2488 001
1456 2425 1588 2488 absolute
1611 2432 1658 2486 est
1679 2424 1808 2505 positum
1832 2424 1857 2504 (l
1874 2425 1944 2499 100,
1967 2379 2074 2504 111126

396 2545 446 2600 001
478 2538 661 2600 accusativus
683 2538 818 2600 neutrius
846 2538 1030 2618 pronominis
1059 2538 1188 2600 adiectus
1219 2545 1264 2600 est
1286 2536 1400 2618 (1189,
1423 2536 1548 2599 111118.
1574 2536 1643 2611 126,
1668 2537 1702 2598 Vl
1721 2535 1794 2616 127)
1817 2544 1867 2598 001
1893 2555 2019 2616 persona
2042 2505 2076 2616 06

395 2650 645 2730 praepositionem
668 2647 701 2723 ές
724 2659 769 2712 001
792 2651 929 2712 adiuncta
953 2647 1080 2728 (7187),
1104 2670 1163 2731 quo
1185 2651 1251 2712 loco
1274 2647 1307 2723 ἒς
1337 2651 1368 2712 10
1390 2649 1424 2721 li,
1448 2668 1510 2711 non
1539 2650 1570 2710 in
1600 2669 1641 2723 sv,
1671 2649 1696 2710 si
1728 2648 1893 2710 Gaisfordio
1923 2650 2012 2710 fidem
2042 2643 2077 2738 116

395 2760 511 2836 bemus,
534 2763 677 2826 omissum
703 2771 757 2825 est.
802 2763 880 2826 Loco
903 2763 1130 2845 praepositionis
1153 2760 1186 2836 ές
1209 2772 1306 2826 autem
1329 2763 1479 2825 aGraecis
1503 2762 1634 2824 dativum
1651 2781 1769 2842 quoque
1791 2761 1922 2842 positum
1946 2781 2010 2822 esse
2033 2780 2079 2822 nor

396 2884 442 2938 001
471 2877 549 2956 quod
578 2895 638 2938 non
665 2884 817 2957 putemus.
855 2874 1053 2939 Koroeldavv
1081 2875 1127 2960 τῷ
1155 2869 1262 2961 ἀνέμῳ
1293 2873 1448 2956 (1111191)
1470 2875 1597 2956 denique
1624 2875 1702 2936 idem
1734 2882 1779 2936 est
1801 2875 1879 2955 quod
1903 2869 2028 2936 ἀείδειν
2049 2895 2080 2958 τη

396 2983 515 3072 ἀνέμῳ,
542 2988 571 3049 16
595 2995 640 3049 001
668 2989 698 3050 10
725 2989 869 3050 honorem
893 2989 954 3062 dei,
976 2988 1124 3050 mulcendi
1151 3007 1238 3051 causa
1265 2988 1396 3050 carmina
1423 2997 1550 3050 cantare.
1598 2987 1717 3061 (Confer
1736 2987 1823 3049 Hom.
1854 2985 2073 3048 0611111134

396 3091 432 3172 ός
452 3122 488 3162 τε
509 3101 625 3162 θεοῖσι
648 3099 704 3162 καὶ
727 3096 963 3184 ἀνθρώποισιν
985 3093 1086 3163 ἀείδω
1109 3107 1137 3163 01
1161 3100 1222 3163 348
1246 3097 1338 3164 ἔοικα
1360 3098 1398 3162 δέ
1418 3123 1471 3163 τοι
1495 3097 1692 3184 παραείδειν
1714 3094 1757 3172 ὥς
1778 3119 1814 3160 τε
1835 3098 1917 3182 θεῷ.
2082 3121 2083 3188 l

539 3213 646 3275 Contra
668 3213 827 3275 lectionem
850 3214 985 3275 codicum
1006 3213 1077 3274 ABC
1100 3209 1138 3275 οὐ
1161 3209 1318 3296 παρεόντι
1341 3215 1546 3296 κατηγορέων
1569 3193 1685 3290 1111116
1699 3211 1732 3296 η)
1759 3231 1775 3275 0
1797 3211 1909 3274 Steinio
1933 3219 2083 3292 receptam

397 3344 464 3386 cum
487 3325 632 3404 genetivo,
656 3334 799 3406 utsupra
822 3327 1033 3400 demonstravi,
1057 3325 1241 3387 Herodotum
1264 3345 1351 3388 usum
1375 3345 1439 3388 esse
1462 3345 1497 3388 ex
1520 3325 1667 3388 nonnullis
1695 3326 1768 3387 locis
1791 3333 1994 3404 cognoscatur,
2017 3331 2083 3386 10οτ

397 3455 457 3499 non
490 3439 600 3500 ausim:
633 3446 733 3500 utrum
767 3447 867 3500 autem
893 3439 980 3500 lectio
1008 3438 1143 3500 codicum
1171 3439 1220 3500 PR
1249 3439 1416 3519 recipienda
1445 3440 1484 3500 sit
1513 3458 1551 3501 an
1579 3433 1759 3521 παρεόντος
1786 3434 1994 3520 ἐπηγορέων,
2017 3456 2083 3517 quor

397 3550 550 3612 dbichtius
579 3568 641 3612 non
664 3552 740 3612 male
763 3551 899 3626 coniecit,
921 3551 1110 3614 scribendum
1133 3551 1257 3612 sitnon
1280 3552 1415 3614 diiudico.
1459 3551 1534 3613 Nam
1557 3529 1724 3614 coniectura
1745 3551 1800 3612 viri
1822 3551 1916 3625 docti,
1944 3569 2011 3611 cum
2033 3549 2083 3630 ips

397 3663 427 3723 in
439 3662 606 3725 coniectura
625 3663 736 3725 nitatur
748 3663 951 3725 -invenitur
969 3664 1040 3725 illud
1054 3663 1178 3726 verbnm
1191 3665 1269 3745 apud
1283 3665 1432 3727 neminem
1455 3664 1613 3745 sriptorem
1631 3663 1774 3726 Graecum
1798 3672 1915 3743 praeter
1930 3663 1997 3724 Her.
2013 3663 2026 3722 l
2041 3662 2081 3722 90

399 3775 448 3839 01ιί
464 3794 497 3837 ex
513 3775 649 3837 Brcdovii
664 3776 833 3838 coniectura
850 3779 890 3857 (p.
907 3775 960 3856 81)
982 3795 1036 3857 pro
1059 3773 1248 3859 έπηγορεόω
1271 3777 1517 3839 areoentioribus
1539 3777 1670 3858 positum
1692 3785 1736 3838 est
1758 3811 1799 3822 —
1821 3777 1892 3838 satis
1908 3775 1994 3836 firmo
2018 3793 2082 3836 care

396 3887 552 3968 praesidio.
586 3888 671 3964 Quod
693 3897 794 3950 autem
822 3887 1041 3951 substantivum
1063 3883 1226 3972 ε’πηγορία
1248 3889 1301 3952 nio
1324 3889 1403 3953 Cass.
1420 3891 1470 3962 55,
1496 3888 1533 3951 18
1557 3896 1651 3964 extat,
1682 3909 1717 3950 ex
1747 3909 1782 3951 eo
1813 3888 1885 3952 nihil
1913 3888 1990 3950 aliud
2020 3889 2083 3948 01110

396 4007 502 4079 potest,
525 4001 589 4088 nisi¹
604 4009 639 4064 ut
659 4001 815 4063 deterioris
838 4001 1009 4064 Graecitatis
1032 4002 1080 4063 sit.

540 4113 676 4175 Ceterum
703 4114 735 4176 in
768 4114 912 4177 Herodoti
945 4115 1094 4177 codicibus
1122 4115 1355 4195 praepositiones
1392 4133 1531 4196 persaepe
1564 4121 1745 4196 permutatas
1779 4132 1845 4176 esse
1877 4113 1944 4194 quis
1978 4111 2083 4175 nescit‘

398 4224 455 4286 Sed
479 4225 611 4305 quamvis
634 4227 727 4289 multa
750 4227 818 4290 vitia
847 4227 935 4289 huius
957 4227 1072 4306 generis
1094 4227 1151 4290 iam
1175 4247 1191 4288 a
1213 4229 1356 4290 Brcdovio
1379 4228 1502 4309 aliisque
1524 4228 1678 4289 emendata
1700 4227 1774 4302 sint,
1798 4243 1859 4288 non
1881 4244 1973 4306 pauca
1995 4233 2083 4287 tamer

396 4331 428 4397 in
451 4344 532 4399 textu
554 4339 740 4401 resederunt.
775 4339 875 4402 Liceat
897 4339 985 4418 igitur
1008 4339 1079 4400 mihi
1095 4359 1187 4420 pauca
1210 4360 1245 4402 ex
1267 4341 1308 4402 eis
1330 4341 1377 4403 hic
1393 4341 1561 4421 adiungere,
1585 4360 1660 4422 quae
1684 4341 1795 4418 collegi,
1820 4359 1887 4401 curn
1902 4338 2082 4418 inquirerem

397 4449 469 4529 quid
491 4449 598 4530 quibus
620 4450 692 4513 locis
714 4451 781 4513 libri
803 4452 883 4514 inter
913 4453 1149 4532 praepositiones
1179 4449 1212 4526 ές
1240 4461 1268 4514 01
1295 4449 1331 4515 ἓν
1355 4453 1471 4516 variant
1500 4453 1691 4516 scribendum
1716 4453 1763 4515 sit.
1806 4452 1927 4514 Initium
1949 4450 2083 4514 faciam:

396 4562 488 4623 verbo
506 4562 697 4626 usitatissimo
713 4560 894 4645 ἐσβάλλειν,
918 4565 1002 4631 00100
1017 4565 1285 4646 frequentatissima
1303 4575 1348 4627 est
1362 4566 1444 4627 notio
1460 4567 1622 4628 exercitum
1643 4566 1800 4627 interram
1817 4565 1943 4645 aliquam
1958 4565 2083 4627 ducendi

397 4677 424 4752 0)
448 4687 528 4738 terra
550 4695 611 4738 non
633 4677 745 4739 adiecta
768 4687 828 4740 est:
861 4677 939 4740 117.
967 4677 1027 4738 104
1049 4673 1185 4760 (ταύτῃ),
1208 4676 1289 4740 1113.
1315 4677 1375 4738 125
1399 4687 1453 4752 ter,
1478 4678 1717 4752 V76‚vl1173
1741 4677 1868 4765 (τῇπερ)
1891 4677 2020 4739 1111128.
2044 4676 2080 4737 31

396 4787 479 4849 Adde
508 4787 727 4871 συνεσέβαλον
748 4789 854 4865 11117,
880 4790 932 4852 ubi
957 4791 990 4852 in
1017 4791 1118 4852 codice
1146 4792 1165 4852 d
1188 4787 1249 4852 σόν
1278 4791 1421 4852 omissum
1451 4801 1505 4853 est.
1551 4789 1708 4852 Obiectum
1732 4787 1867 4874 στρατιὴ
1891 4790 2023 4852 additum
2048 4805 2083 4850 est

398 4936 610 4948 ———..

533 5049 555 5112 Ι)
572 5048 658 5101 Verbo
676 5042 865 5116 κατόμνυσθαι
882 5049 957 5116 paulo
977 5047 1045 5100 infra
1064 5047 1251 5101 substantivum
1270 5050 1435 5117 κατωμοσίη,
1457 5049 1523 5115 qnod
1545 5049 1610 5101 alibi
1633 5065 1682 5100 non
1701 5049 1813 5100 inveniri
1839 5045 1987 5114 liruegerns
2010 5051 2083 5100 docet

397 5132 541 5198 respondet.
