4376 5708
1121 341 1342 406 „13-

387 515 526 579 articulus
549 515 580 578 in
604 513 716 578 eisdem
740 516 888 579 codicibus
911 525 979 580 ante
1002 516 1279 600 καταλεγομένους
1307 518 1437 582 adiectus
1460 519 1604 581 reicienda
1628 525 1706 580 sunt.
1752 518 1860 582 Contra
1888 519 1919 580 in
1946 523 2047 600 sequen

387 628 481 708 capite
502 628 683 708 praepositio
707 627 800 709 παρά
816 624 846 703 (ά
863 627 956 712 παρά
977 633 1131 714 Περσέων
1152 628 1248 708 λόγος
1262 624 1417 708 λέγεται),
1441 651 1515 712 quae
1536 632 1568 692 in
1591 631 1671 693 PRsz
1687 631 1797 693 omissa
1818 639 1873 704 est,
1896 631 1970 694 nibil
1984 633 2049 694 offer

387 739 477 802 sionis
501 739 598 802 babet
620 775 662 784 -
684 741 715 802 G.
733 739 773 802 56
795 739 879 802 κατὰ
901 737 1047 823 πόλεμόν
1068 764 1104 820 γε
1125 743 1156 804 in
1178 742 1236 804 Rsz
1258 743 1426 816 inveniturr
1464 743 1593 806 Steinius
1616 752 1730 806 ceteros
1753 743 1842 804 libros
1865 751 1984 804 secutus
2015 755 2049 823 pa

386 853 507 914 tioulam
529 873 567 928 ys
589 852 698 914 omisit.
732 853 857 915 Atride
880 853 987 932 llrueg.
1009 855 1047 916 ad
1068 854 1144 916 Xon.
1167 854 1259 916 Anab.
1275 854 1314 915 lll
1336 853 1365 927 2,
1383 855 1431 916 24.
1456 889 1497 900 -
1519 855 1553 916 ln
1581 856 1687 917 eodem
1714 855 1808 934 capite
1837 855 1868 915 in
1891 853 2025 916 B'P‘llvs
2048 885 2051 909 ι.

388 968 571 1030 correctione
602 967 769 1041 cuiusdam,
804 968 855 1048 qui
877 967 1042 1032 subiectum
1063 967 1209 1049 participii
1232 968 1364 1030 absolute
1386 967 1473 1047 positi
1500 967 1692 1038 desiderabat,
1723 961 1997 1048 στρατευομένους
2030 983 2051 1046 p

388 1079 653 1162 στρατευομένων
669 1078 810 1158 scriptum
827 1086 880 1139 est.
893 1113 934 1124 -
947 1079 1038 1140 llulto
1055 1079 1146 1158 magis
1162 1079 1192 1140 in
1208 1078 1250 1140 Rs
1266 1079 1352 1140 verba
1369 1097 1444 1159 quae
1460 1087 1626 1159 sequuntur
1642 1087 1714 1142 sunt
1729 1087 1874 1158 corrupta.
1899 1078 1940 1140 bc
1955 1079 2052 1159 primu

389 1193 507 1274 quidem
531 1194 674 1255 omissum
697 1201 742 1255 est
764 1188 886 1274 ἄνδρας
909 1192 952 1268 (in
976 1211 989 1254 s
1012 1187 1050 1254 dd
1064 1211 1182 1272 quoque
1198 1192 1341 1255 omissum
1360 1195 1416 1266 est)
1441 1200 1471 1252 et
1485 1187 1626 1268 λογάδαι
1649 1191 1680 1252 in
1704 1187 1868 1269 λογχάθας
1894 1187 2053 1270 depravatu

388 1314 440 1368 est.
477 1305 643 1368 Herodotus
665 1305 734 1366 huic
756 1289 821 1367 voci
844 1313 893 1366 aut
916 1303 1133 1365 substantivum
1156 1304 1237 1366 addit
1253 1304 1276 1381 (l
1292 1303 1341 1373 36,
1366 1303 1419 1381 43)
1436 1311 1485 1364 aut
1500 1303 1667 1382 genetivum
1683 1303 1815 1382 adiungit
1829 1303 1853 1376 (l
1870 1301 1919 1376 36,
1942 1303 2006 1363 9111
2025 1301 2055 1361 15

387 1415 579 1491 112163).
623 1417 736 1478 Deinde
758 1426 857 1478 autem
881 1409 939 1478 ἐπὶ
964 1416 1131 1498 στρατιῆς,
1161 1417 1240 1496 quod
1263 1416 1461 1477 Herodoteum
1490 1435 1554 1477 esse
1581 1415 1652 1476 satis
1679 1424 1811 1488 constat,
1835 1423 2008 1494 corruptum
2033 1435 2056 1475 ar

389 1529 424 1591 de
444 1529 590 1590 industria
613 1535 758 1589 mutatum
791 1537 836 1590 est
866 1528 898 1589 in
926 1522 1141 1614 έπλστρατιῇ
1164 1527 1318 1604 (sicine,
1341 1524 1399 1589 έπλ
1428 1527 1565 1610 στρατιῇ
1593 1528 1622 1588 in
1644 1527 1690 1607 R).
1739 1527 1827 1588 Paulo
1854 1527 1929 1588 infra
1957 1527 2057 1606 deniqr

388 1641 423 1702 ab
446 1639 608 1702 editoribus
632 1639 746 1702 Steinio
774 1647 897 1721 excepto
920 1633 965 1702 ὦν
987 1640 1066 1720 quod
1090 1640 1119 1699 in
1142 1638 1232 1701 ABCd
1255 1639 1404 1700 inuenitur
1427 1641 1570 1701 omissum
1595 1649 1655 1712 est,
1692 1639 1746 1700 etsi
1775 1639 1846 1700 nihil
1873 1640 1960 1701 babet
1988 1639 2059 1728 oller

386 1753 487 1814 sionis.
509 1788 551 1798 -
574 1754 602 1815 C.
620 1753 671 1814 57.
693 1748 733 1836 ἢν
755 1753 860 1836 θυσίη
882 1775 932 1826 τις
955 1749 1134 1835 δημοτελὴς
1156 1753 1312 1835 ποιέηται
1335 1751 1440 1832 legitur
1456 1753 1487 1814 in
1509 1751 1623 1825 Pllvsz‚
1645 1748 1684 1834 ἢν
1705 1753 1830 1834 θυσίην
1851 1773 1902 1824 τις
1924 1748 2060 1834 δημοτελ

387 1866 527 1950 ποιῆται
548 1865 580 1927 in
604 1865 704 1938 ABCd‚
727 1865 853 1948 θυσίην
875 1873 988 1928 servato
1021 1861 1203 1946 δημοτελὴς
1224 1885 1240 1926 e
1263 1865 1445 1926 correctione
1467 1864 1498 1925 in
1520 1864 1572 1926 13¹.
1608 1865 1665 1926 Diu
1687 1865 1778 1936 haesi,
1801 1873 1866 1926 utra
1889 1865 1975 1925 lectio
1998 1883 2061 1943 prat

387 1978 509 2040 ferenda
532 1985 618 2039 esset.
654 1976 761 2038 Forma
777 1977 864 2038 attica
881 1973 1043 2058 δημοτελῆ
1067 1976 1185 2055 quidem
1202 1993 1262 2038 nou
1278 1975 1417 2047 adducor,
1435 1988 1466 2037 ut
1481 1976 1637 2038 lectionem
1654 1978 1789 2039 codicum
1804 1976 1893 2038 tucn
1910 1975 2063 2056 improbeu]

389 2111 456 2153 cum
479 2091 510 2152 in
534 2090 646 2151 eisdem
669 2089 751 2152 libris
775 2090 863 2152 etiam
886 2088 1025 2171 ποιῆται
1048 2090 1223 2161 inveniatur,
1248 2089 1298 2150 sed
1322 2108 1390 2150 cum
1412 2088 1494 2149 1119
1517 2086 1571 2164 (τά
1592 2086 1627 2151 ἐν
1656 2081 1816 2171 Λίηάπτῳ
1836 2085 2019 2169 ποιεύμενα
2041 2071 2064 2148 τι

387 2204 471 2287 θεῷ)
494 2203 658 2284 passivum,
690 2221 820 2283 quocum
849 2203 975 2264 activum
1005 2202 1044 2264 lX
1062 2202 1100 2263 19
1124 2198 1335 2285 (ποιήσαντες
1363 2199 1399 2264 δὲ
1428 2200 1484 2263 καί
1512 2199 1661 2264 ἐνθαῦτα
1685 2197 1751 2283 ἱρά)
1775 2203 2008 2282 comparandum
2032 2220 2065 2262 es

388 2318 491 2378 eodem
515 2317 603 2378 modo
627 2325 803 2396 usurpatum
826 2315 872 2388 sit,
895 2334 963 2377 cum
985 2334 1152 2395 pronomen
1173 2337 1223 2388 τις
1245 2315 1309 2376 loco
1332 2314 1456 2376 subiecti
1479 2315 1634 2376 nonsatis
1657 2315 1793 2394 explicari
1815 2315 1910 2395 possit
1926 2315 2067 2402 (Schweig

390 2431 553 2491 baeuserus
576 2447 663 2498 „cum
694 2427 750 2490 ista
771 2446 840 2489 vero
862 2427 984 2489 notione
1013 2427 1138 2499 θυσίας
1160 2423 1358 2509 δημοτελοῦς
1386 2427 1487 2489 minus
1514 2427 1672 2488 convenire
1694 2427 1785 2488 videri
1807 2435 1923 2507 poterat
1945 2427 2025 2507 quod
2047 2427 2068 2517 ai

389 2536 429 2623 ἢν
451 2540 577 2621 θυσίην
598 2561 648 2612 τις
671 2537 748 2621 δημ.
770 2540 940 2621 ποιέηται,
964 2539 989 2600 εἰ
1012 2540 1079 2619 quis
1101 2547 1157 2601 etc.
1181 2539 1261 2619 quod
1284 2539 1320 2600 ad
1342 2539 1489 2619 privatum
1512 2540 1663 2602 hominem
1686 2540 1789 2602 reserri
1812 2539 1939 2601 videtur:
1963 2519 2068 2600 fortasl

390 2653 479 2731 igitur
505 2651 633 2730 intellegi
666 2651 786 2714 debebit
816 2653 1005 2729 magistratus
1035 2652 1098 2723 ille,
1130 2653 1168 2712 ad
1197 2652 1281 2713 ouius
1311 2671 1420 2713 munus
1444 2671 1602 2733 curamque
1625 2654 1655 2714 id
1678 2653 1853 2732 pertinebat.
1898 2653 1955 2713 Sed
1979 2661 2070 2738 poteri

391 2764 479 2825 etiam
502 2757 605 2845 θυσίη
634 2760 813 2847 δημοτελὴς
839 2764 969 2843 intellegi
996 2764 1170 2825 sacrificium
1201 2783 1216 2826 a
1245 2764 1357 2844 privato
1381 2765 1501 2826 homine
1529 2765 1569 2826 ita
1596 2765 1780 2834 institutum,
1809 2775 1842 2826 ut
1863 2765 2017 2845 populares
2039 2739 2070 2824 ill

390 2894 459 2938 suos
488 2875 533 2936 vel
562 2875 685 2937 curiales
714 2876 750 2938 nd
778 2877 944 2938 convivium
974 2878 1102 2952 vocet“)‚
1132 2894 1214 2937 nuuc
1240 2877 1396 2938 lectionem
1420 2877 1553 2939 codicum
1578 2878 1661 2938 PRvs
1683 2877 1714 2938 in
1736 2885 1851 2939 textum
1873 2877 2004 2956 recipere
2026 2895 2070 2937 nol

390 2988 502 3050 dubito.
525 3023 568 3034 -
589 2989 622 3049 ln
646 2989 751 3050 eodem
775 2989 869 3070 capite
885 2989 973 3068 paulo
996 2989 1073 3050 infra
1096 2989 1128 3050 in
1143 2987 1263 3050 B²Rvsz
1284 2985 1462 3070 προβάτων
1483 2998 1551 3069 post
1573 2991 1741 3052 τυθέντων
1763 3009 1799 3051 ex
1814 2989 1945 3069 margine
1959 2989 2070 3070 irrepsit

389 3135 431 3144 -
452 3101 538 3162 lnitio
567 3099 695 3180 proximi
723 3101 868 3162 enuntiati
897 3101 927 3162 in
953 3101 1071 3162 B'Rvsz
1102 3101 1224 3180 legitur:
1257 3103 1434 3184 νεομηνίας
1462 3098 1500 3163 δὲ
1527 3097 1591 3164 άνὰ
1619 3097 1728 3175 πάσας
1750 3100 1805 3163 καὶ
1828 3099 1973 3183 ἑβδόμας
1996 3097 2070 3162 toea

390 3212 490 3293 μένου
512 3212 570 3274 τοῦ
592 3207 694 3296 μηνός
699 3239 711 3290 ,-
733 3213 765 3275 in
781 3213 885 3275 ceteris
908 3213 1086 3294 praepositio
1103 3215 1212 3276 omissa
1228 3222 1282 3284 est,
1303 3233 1392 3294 quam
1415 3215 1621 3295 interpolatam
1642 3235 1708 3276 esse
1731 3216 1776 3276 vel
1791 3235 1827 3277 ex
1842 3234 1877 3276 eo
1900 3215 2070 3292 intellegitur

390 3325 467 3404 quod
495 3325 646 3387 Romanus
668 3325 825 3387 codicibus
858 3327 929 3388 ABG
958 3326 1142 3403 suffragatur.
1187 3325 1272 3398 Quod
1299 3327 1325 3388 si
1356 3328 1404 3388 cui
1434 3327 1615 3388 accusativus
1643 3328 1795 3389 offensioni
1818 3327 1917 3399 luerit,
1946 3327 2070 3388 conferat

390 3455 510 3514 quaeso,
532 3437 582 3498 Vll
598 3436 660 3498 203
688 3433 928 3520 (προσδόκιμοι
952 3437 1064 3500 πάσαν
1086 3425 1151 3500 εἶεν
1172 3433 1307 3521 ἡμέρην)
1331 3439 1389 3500 112
1412 3439 1476 3500 9111
1499 3438 1537 3502 19
1560 3435 1715 3523 (659qu).
1760 3440 1898 3502 Ceterum
1922 3439 2070 3501 Herodotu

391 3547 568 3628 singularem
584 3569 651 3611 cum
669 3527 885 3630 praepositione
900 3545 965 3612 άνά
978 3549 1157 3630 coniungere
1180 3551 1255 3612 solet
1277 3547 1355 3631 (άνά
1376 3549 1491 3614 πάσαν
1505 3547 1627 3635 ἡμέρην
1647 3551 1738 3613 1Ι37.
1764 3552 1834 3624 136,
1858 3553 1959 3625 9161,
1982 3552 2022 3613 lX
2038 3551 2070 3614 35

390 3655 455 3724 άνά
477 3661 546 3724 πᾶν
568 3657 639 3734 ἔτος
660 3663 760 3736 1136,
784 3662 809 3723 ll
825 3660 875 3734 99,
898 3661 1026 3735 111160,
1048 3662 1194 3738 911106;
1221 3682 1282 3724 uno
1304 3671 1419 3724 tantum
1441 3665 1505 3726 loco
1528 3664 1661 3745 (911165
1685 3657 1749 3727 άνοέ
1774 3659 1884 3727 πάντα
1906 3661 1991 3741 ἔτεα)
2019 3667 2070 3746 plu

389 3774 460 3835 ralis
482 3774 640 3836 invenitur.
686 3773 794 3836 Mirum
817 3775 896 3856 quod
918 3774 1102 3852 llruegerus,
1130 3775 1181 3854 qui
1208 3776 1245 3836 ad
1266 3775 1384 3836 911165
1413 3777 1533 3838 adnotat
1563 3777 1656 3850 „nach
1685 3777 1751 3838 dem
1781 3777 2007 3856 regelmdlsigen
2030 3777 2070 3838 Ge

389 3885 520 3948 brauche
548 3887 600 3948 des
630 3887 763 3948 Herodot
791 3894 914 3948 erwarte
936 3887 984 3947 iob
1006 3885 1075 3948 πᾶν
1097 3883 1204 3959 ἔτος“,
1232 3888 1485 3969 praepositionem
1512 3889 1543 3950 in
1572 3897 1687 3950 textum
1717 3891 1836 3970 recepit.
1859 3924 1899 3934 -
1921 3891 1956 3952 ln
1986 3891 2070 3952 eoder

391 3999 545 4061 enuntiato
568 3999 695 4080 denique
717 3999 749 4060 in
765 4000 823 4061 Rus
845 3997 878 4072 ἒς
894 3993 1091 4061 Ἀπόλλωνα
1113 4007 1225 4061 temere
1247 4000 1390 4080 scriptum
1413 4009 1457 4062 est
1478 4020 1531 4080 pro
1554 3998 1587 4075 ἒς
1603 3993 1821 4074 Ἀπόλλωνος.
1843 4037 1886 4046 -
1909 4001 1939 4064 G.
1961 4003 2010 4065 58.
2033 4023 2070 4080 νυ

389 4119 501 4183 ναῖκες
524 4111 719 4195 περιιοῦσαι
742 4109 892 4194 λέβητα
910 4113 1096 4194 κροτέουσι;
1119 4112 1151 4174 in
1173 4112 1264 4187 Fiden,
1288 4132 1364 4194 quos
1389 4113 1522 4175 Steinius
1545 4115 1576 4176 iu
1598 4114 1729 4177 editione
1757 4115 1858 4178 critica
1886 4123 2006 4178 secutus
2033 4127 2070 4176 est

391 4219 530 4306 λέβητας
560 4232 649 4286 extat.
693 4224 881 4286 Manifestum
914 4232 959 4285 est
988 4225 1130 4304 pluralem
1163 4244 1198 4286 err
1226 4226 1409 4287 correctione
1438 4226 1606 4300 cuiusdam,
1635 4227 1685 4307 qui
1713 4228 1792 4290 buno
1822 4248 1910 4291 usum
1932 4228 2070 4307 singulari

390 4353 452 4398 non
482 4345 613 4412 noverat,
645 4346 743 4399 ortum
768 4356 843 4398 esso.
888 4336 1003 4398 Sufficit
1024 4341 1157 4398 conferre
1179 4337 1271 4398 Tbuc.
1295 4338 1376 4400 1170
1399 4335 1564 4418 (ἐξελθεῖν
1586 4333 1704 4413 αὐτοὺς
1727 4375 1769 4386 -—
1791 4335 1847 4412 ξάν
1869 4337 1919 4402 ἑνὶ
1943 4336 2070 4423 ίματίῳ]

391 4448 528 4510 Ceterum
552 4449 682 4512 Steinius
705 4468 826 4530 quoque
846 4449 879 4510 in
902 4449 1032 4510 editione
1047 4457 1150 4530 quarta
1166 4449 1345 4529 singularem
1367 4452 1508 4515 restituit.
1524 4487 1564 4498 -
1588 4453 1618 4515 C.
1635 4452 1685 4514 59.
1709 4454 1933 4536 συμφέρονται
1955 4449 1993 4514 δὲ
2008 4449 2070 4515 άλλ

391 4551 483 4623 οὗτοι
507 4557 584 4624 τάδε
605 4569 695 4624 τοῖσι
712 4562 877 4645 Πέρσησις
899 4563 930 4624 in
952 4563 1042 4625 nssuu
1066 4553 1158 4624 οὗτοι
1182 4563 1327 4624 omissum
1350 4573 1396 4624 est
1425 4572 1455 4626 et
1475 4574 1556 4627 recte
1579 4566 1723 4627 omissum
1747 4574 1805 4641 τοῖς
1839 4566 1970 4628 Steinius
1998 4568 2070 4628 solur

391 4682 534 4754 quantum
558 4674 627 4748 vidi,
650 4675 706 4736 hoc
728 4692 893 4754 pronomen
916 4675 1050 4737 servavit.
1074 4705 1115 4715 —
1138 4675 1168 4737 C.
1192 4675 1242 4736 61.
1265 4671 1476 4758 βασιλεύοντι
1499 4674 1532 4751 ἐς
1554 4674 1709 4760 Σπάρτην
1738 4679 1771 4739 in
1793 4678 1902 4750 ABGP,
1933 4675 2071 4759 βασιλεύ

392 4787 462 4848 οντί
477 4807 512 4847 τε
527 4783 562 4848 έν
576 4782 712 4871 Σπάρτη
728 4787 761 4848 iu
776 4788 811 4862 R,
833 4782 1044 4868 deusdedem
1066 4781 1139 4849 τότε
1161 4784 1197 4849 ἒν
1211 4783 1347 4872 Σπάρτη
1369 4789 1401 4851 in
1423 4808 1463 4852 εν.
1497 4789 1637 4852 Erratum
1653 4797 1698 4852 est
1719 4790 1749 4851 in
1765 4791 1903 4854 omnibus
1925 4793 2070 4854 codicibus

392 4899 443 4960 sed
475 4918 543 4960 oum
571 4899 604 4960 in
631 4901 687 4962 illis
709 4918 762 4981 per
789 4899 1020 4980 imprudentiam
1043 4907 1197 4981 peccatum
1220 4920 1284 4964 esse
1306 4903 1500 4965 manifestum
1529 4903 1580 4976 sit,
1613 4903 1645 4964 in
1671 4923 1705 4966 eo
1735 4903 1850 4980 codice,
1885 4924 1921 4966 ex
1950 4925 2008 4986 quo
2031 4906 2070 4966 Rs

493 5110 513 5174 ¹)
532 5109 655 5177 Exempla
664 5111 807 5162 accusativi
816 5109 964 5178 temporalis
975 5108 1088 5161 Steinius
1099 5109 1205 5174 collegit
1213 5111 1244 5160 ad
1254 5108 1299 5164 Vll
1309 5111 1351 5176 50,
1362 5126 1408 5163 noc
1418 5119 1501 5166 taum
1515 5113 1586 5166 locos
1597 5129 1647 5165 non
1657 5115 1684 5166 iu
1694 5114 1808 5173 ordinem
1821 5114 1937 5168 redactos
1948 5116 2069 5181 proposui
