4376 5708
1156 358 1283 420 ..21
1339 395 1374 402 -„

408 537 438 592 et
460 531 591 594 Steinius
618 527 769 614 Κίμωνος
793 540 870 594 recte
892 534 1035 596 delevisse
1058 535 1130 596 mihi
1152 534 1291 597 videntur
1313 533 1384 612 (τοῦ
1407 533 1533 617 πατρὸς
1554 526 1658 598 αδτοῦ
1684 536 1836 617 Κίμωνος
1857 533 1926 607 Rev,
1954 532 2013 598 τοῦ
2035 556 2061 600 π

406 639 480 724 τρδς
512 643 661 724 Κίμωνος
690 638 789 706 αὐτοῦ
818 650 901 724 cet.);
931 645 1003 708 item
1032 666 1056 708 c.
1079 645 1119 709 33
1149 640 1256 726 (αὐτοὶ
1281 645 1342 730 γάρ
1372 643 1549 729 Κυζικηνοὶ
1577 644 1626 709 ἐτι
1655 642 1817 729 πρότερον
1843 645 1901 709 τοῦ
1934 647 2063 716 Φοινίκι

405 751 551 818 ἐσπλόου
574 752 711 832 (ἔσπλου
734 757 764 818 in
787 758 864 833 cod.)
897 755 1014 821 τοότου
1042 755 1235 836 ἐγεγόνεσαν
1261 752 1329 822 ont
1358 755 1490 840 βασιλέϊ
1515 759 1547 822 in
1575 759 1627 830 Pz,
1659 754 1775 824 τοότου
1809 767 1878 822 ante
1911 755 2036 822 ἔσπλοο

405 866 520 941 u’Rsz,
543 867 575 929 in
598 875 653 929 cet.
677 864 793 931 τούτου
809 869 955 932 omissum
972 872 1028 947 est)
1045 889 1060 932 a
1079 871 1254 951 quibusdam
1272 871 1434 934 editoribus
1456 865 1572 934 τοότου
1594 880 1675 934 recte
1695 871 1848 945 reiectum,
1876 871 1912 934 ab
1935 853 2065 948 Steinio³³

404 979 538 1042 dbichtio
560 980 636 1042 male
658 987 809 1061 receptum
833 990 887 1044 est.
910 1015 952 1026 —
974 982 1005 1044 C.
1022 982 1071 1046 63.
1094 983 1129 1043 ln
1151 982 1260 1046 familia
1283 983 1428 1058 codicum,
1458 983 1543 1046 cuius
1575 983 1705 1064 optimus
1732 983 1816 1045 testis
1839 983 1864 1044 11
1888 991 1949 1057 est,
1976 983 2066 1050 levita

403 1089 515 1154 scribae
537 1100 635 1154 textus
658 1093 836 1173 compluries
859 1093 1012 1156 mutilatus
1037 1103 1095 1156 est:
1119 1094 1261 1156 omissum
1285 1103 1331 1157 est
1353 1091 1393 1177 δή
1415 1102 1483 1175 post
1498 1089 1583 1158 οὕτω
1599 1091 1660 1176 μέν
1674 1102 1704 1156 et
1719 1103 1788 1177 post
1802 1094 1931 1170 τοῦτον,
1956 1096 2068 1184 omissu

404 1209 448 1264 est
466 1197 639 1285 Ἀρίστωνι
669 1211 738 1285 post
759 1204 967 1288 Σπαρτιῆται
990 1214 1020 1268 et
1041 1207 1182 1271 articulus
1210 1205 1337 1270 edente
1364 1208 1568 1288 macuculam,
1597 1201 1651 1270 ὅτε
1679 1215 1762 1281 παῖς
1792 1209 1920 1288 denique
1947 1208 2022 1270 lalso
2055 1229 2069 1272 ε

404 1315 547 1395 scriptum
572 1335 625 1396 pro
650 1311 668 1378 ό
689 1313 726 1378 δέ
749 1325 842 1390 παῖς.
886 1317 953 1378 Νοο
975 1318 1064 1398 igitur
1092 1329 1137 1382 est
1164 1321 1241 1400 quod
1265 1320 1382 1382 codices
1404 1319 1493 1382 buius
1516 1320 1632 1399 generis
1655 1321 1748 1382 secuti
1764 1320 1849 1383 -id
1866 1321 1947 1401 qnod
1963 1322 2071 1382 tenerur

404 1427 532 1490 editores
554 1463 595 1472 —
618 1424 816 1511 Δημάρητον
838 1423 876 1491 δὲ
898 1424 986 1513 αὐτῷ
1009 1427 1132 1515 οὕνομα
1155 1429 1252 1496 ἔθετο
1284 1433 1447 1495 scribamus
1476 1451 1530 1512 pro
1555 1430 1752 1516 Δημάρητον
1779 1429 1817 1494 δέ
1844 1429 1971 1510 οὔνομα
1999 1413 2072 1504 ἔθεε

403 1533 490 1622 αὐτῷ
512 1539 637 1618 (dBCd).
661 1575 702 1586 -
726 1541 756 1604 C.
774 1541 823 1602 64.
846 1542 1077 1606 καταπαῦσαι
1102 1541 1300 1628 Δημάρητον
1321 1544 1374 1627 τῆς
1399 1540 1587 1627 βασιληίηςς
1610 1545 1641 1605 in
1663 1545 1721 1606 Rsv
1744 1543 1884 1608 παῦσαι.
1928 1546 2037 1608 Eadem
2061 1547 2074 1606 l

402 1650 490 1712 brarii
513 1653 697 1732 neglegentia
721 1655 908 1734 cognoscitur
929 1674 955 1716 c.
973 1657 1012 1718 14
1036 1653 1151 1738 έμενον
1172 1658 1239 1738 (lis)
1262 1675 1315 1738 pro
1338 1657 1537 1740 παρέμενον,
1562 1676 1585 1718 c.
1603 1657 1642 1717 27
1666 1654 1766 1720 ἔπεσε
1788 1657 1854 1737 (Rs)
1878 1677 1931 1738 pro
1947 1635 2075 1730 irenem

402 1783 426 1825 c.
443 1763 484 1826 49
507 1761 640 1842 ἔχοντας
670 1766 738 1845 (Ρετ
767 1765 861 1845 Euat,
895 1765 1022 1846 ἔχοντες
1050 1769 1088 1850 R)
1122 1789 1175 1851 pro
1207 1767 1394 1848 ἐπέχοντας.
1438 1769 1501 1833 11οο
1526 1769 1590 1831 loco
1623 1769 1756 1850 plerique
1785 1770 1913 1832 editores
1941 1771 2076 1834 Eustathi

401 1886 435 1938 ut
456 1877 582 1951 videtur,
605 1879 779 1941 auctoritate
801 1881 930 1959 permoti
952 1877 1086 1958 ἔχοντας
1108 1883 1328 1962 praetulerunt;
1350 1901 1411 1943 non
1427 1889 1507 1943 recte
1525 1901 1590 1944 mea
1606 1883 1764 1956 sententia,
1787 1883 1866 1963 quod
1883 1885 2006 1946 verbum
2023 1875 2078 1966 sim

401 1990 467 2069 pler
488 2007 547 2050 non
571 1990 671 2052 minus
693 1991 867 2054 inusitatum
889 1992 1004 2054 videtur
1026 2013 1113 2074 quam
1137 1995 1334 2074 compositum
1358 1994 1472 2071 (confer
1493 1994 1601 2074 Krueg.
1625 1995 1705 2056 adh.
1721 1995 1764 2072 1.).
1808 1995 1911 2076 ltaque
1926 1995 2080 2086 Abichtiun

401 2111 521 2164 secutus
544 2102 643 2164 malim
665 2102 794 2165 scribere
817 2105 897 2184 qnod
921 2113 998 2167 extat
1021 2105 1050 2166 in
1073 2105 1153 2168 ABG.
1177 2141 1218 2150 -
1241 2106 1272 2168 C.
1289 2105 1339 2168 65.
1374 2101 1392 2168 δ
1417 2105 1623 2190 Λευτυχίδης
1638 2101 1839 2190 κατόμνυται
1857 2105 2081 2192 Δημαρήτῳ

399 2213 431 2274 in
459 2214 525 2276 PRz
553 2211 758 2298 Δημαρήτου.
803 2215 895 2278 Nemo
919 2217 1064 2280 dubitabit
1086 2219 1159 2298 quin
1180 2220 1332 2297 genetivus
1355 2238 1390 2281 ex
1412 2220 1595 2282 correctione
1618 2229 1700 2282 ortus
1722 2220 1771 2290 sit,
1796 2221 1853 2284 nisi
1880 2221 1931 2302 qui
1953 2217 2083 2312 debetne}

399 2335 518 2389 secutus
540 2328 683 2389 Herodoti
711 2345 880 2390 sermonem
907 2329 985 2390 intra
1012 2331 1087 2392 fines
1118 2332 1221 2393 atticae
1249 2331 1378 2412 syntaxis
1412 2338 1560 2394 coarctare
1593 2333 1702 2395 studet.
1747 2333 1774 2394 ls
1806 2333 1886 2395 enirn
1922 2333 2031 2395 Mnem.
2054 2331 2084 2394 x*

399 2458 428 2518 p.
445 2438 507 2500 276
530 2440 565 2500 ad
588 2437 684 2502 11137
707 2439 766 2524 (τῷ
789 2432 956 2522 ἀγάλματι
979 2439 1187 2521 κατεγέλασε)
1214 2443 1333 2507 adnotat
1364 2444 1434 2519 „ubi
1456 2443 1540 2507 κατά
1561 2465 1629 2508 curn
1652 2445 1749 2508 dativo
1771 2445 1853 2525 iungi
1875 2447 1996 2526 poterit,
2029 2447 2086 2518 tun}

400 2551 522 2614 demum
544 2549 728 2629 καταγελάν
749 2573 816 2616 τινι
838 2571 892 2633 pro
915 2551 1006 2628 τινός
1032 2563 1112 2617 recte
1138 2557 1250 2618 dictum
1281 2558 1345 2618 erit
1390 2560 1464 2619 llera
1497 2557 1572 2619 ratio
1605 2576 1666 2619 uno
1701 2565 1816 2620 tantum
1851 2559 1916 2620 loco
1949 2558 2087 2639 reperitur

398 2662 477 2726 vos
501 2659 586 2726 ἔνθα
608 2661 662 2725 καὶ
684 2660 842 2728 πλείστου
863 2665 1060 2744 κατεγέλασε
1081 2667 1146 2731 τῶν
1166 2665 1350 2732 Σικυάνων.
1394 2670 1471 2732 Fieri
1493 2677 1592 2750 potest
1606 2677 1640 2732 ut
1655 2679 1769 2732 veteres
1783 2671 1896 2750 glossae
1911 2664 2089 2750 ἐγχάσκειν,

398 2773 547 2854 δγχανείν
568 2777 720 2857 perierint,
742 2777 807 2838 fieri
830 2788 931 2858 potest
953 2788 985 2840 ut
1006 2779 1130 2842 verbum
1154 2777 1331 2862 ἐμπαίζειν
1352 2783 1553 2862 usurpaverit,
1581 2783 1643 2844 fieri
1671 2791 1769 2862 potest
1800 2790 1833 2845 ut
1859 2786 1956 2844 forma
1985 2783 2078 2863 tragic

398 2885 532 2966 ἐγγελᾶν
553 2909 621 2952 τινι
644 2889 811 2952 Herodotus
834 2910 906 2952 usus
928 2893 1027 2966 fucrit,
1054 2893 1106 2954 sed
1129 2902 1162 2954 ut
1182 2901 1297 2956 rectum
1320 2895 1358 2956 sit
1379 2895 1425 2976 τῷ
1447 2889 1613 2976 ἀγάλματι
1635 2893 1830 2971 κατεγέλασε
1860 2903 1891 2956 et
1921 2895 2035 2970 similia,
2065 2874 2091 2956 ιτ

398 3019 467 3062 vero
489 3001 551 3062 fieri
574 3019 636 3063 non
659 3008 787 3082 potest“.
832 3003 942 3064 Similia
965 3006 1008 3066 vir
1031 3005 1135 3066 doctus
1161 3005 1220 3067 iam
1243 3006 1351 3068 Mnem.
1374 3007 1411 3068 lv
1433 3007 1495 3070 293
1522 3007 1654 3088 protulit.
1698 3008 1801 3082 Recte,
1831 3008 1856 3069 si
1878 2983 1939 3070 uno
1962 3008 2027 3070 loco
2049 3028 2093 3098 ve,

399 3112 514 3174 duobus
537 3114 606 3176 talia
628 3115 807 3194 legerentur3
830 3116 881 3178 sed
906 3116 1098 3178 multitudine
1120 3119 1253 3180 locorum
1275 3119 1338 3199 ipsa
1361 3119 1472 3200 ubique
1495 3128 1692 3182 correctorem
1708 3138 1866 3199 agnoscere
1889 3119 2093 3200 prohibemur.

398 3225 550 3288 Invenitur
571 3227 650 3288 enim
674 3225 856 3305 καταγελᾶν
878 3247 946 3290 cum
970 3229 1067 3292 dativo
1090 3231 1280 3294 coniunctum
1305 3231 1343 3293 lll
1366 3232 1415 3294 37.
1440 3230 1490 3294 38.
1516 3233 1590 3306 1553
1612 3232 1650 3292 lV
1665 3231 1705 3294 79
1726 3233 1757 3296 in
1773 3233 1912 3296 omnibus
1928 3231 2093 3309 codicibns3

398 3338 481 3400 11119
504 3339 535 3400 in
557 3339 705 3421 plerisque
729 3340 772 3416 (in
795 3340 820 3401 R
841 3335 959 3422 ήμέων,
982 3342 1061 3422 quod
1083 3343 1115 3404 in
1137 3362 1153 3404 v
1175 3343 1206 3405 in
1229 3337 1329 3426 ήμῶν,
1357 3344 1426 3406 ins
1454 3344 1487 3405 in
1514 3339 1622 3426 ὑμέων
1645 3353 1817 3431 corruptum
1848 3354 1902 3418 est,
1924 3364 1984 3426 ,pro
2014 3340 2093 3427 ήμίν

400 3454 502 3528 extat).
547 3452 636 3514 Adice
658 3451 748 3513 1212
771 3451 980 3536 τριτημορίδι
1002 3453 1061 3517 τοῦ
1084 3456 1223 3536 στρατοῦ
1246 3458 1457 3537 κατυβρίσας,
1488 3457 1523 3518 δε
1547 3476 1607 3538 quo
1637 3457 1726 3520 verbo
1756 3458 1920 3520 Lobeclrius
1949 3459 1985 3519 ad
2014 3457 2091 3520 Aiac.

401 3563 459 3624 153
483 3563 558 3643 egit3
580 3565 631 3626 Vll
649 3565 686 3626 10
709 3587 728 3646 η
753 3562 911 3645 παρεόντι
935 3569 1147 3651 κατηγορέων,
1169 3569 1220 3630 ubi
1241 3569 1273 3630 in
1288 3568 1336 3630 PR
1360 3563 1551 3651 παρεόντος,
1574 3570 1605 3631 in
1628 3590 1660 3631 vn
1683 3565 1887 3652 παρεόντων,
1910 3571 1942 3632 in
1957 3590 1972 3632 s
1988 3591 2093 3653 παρε-

374 3671 477 3738 όντα
499 3676 622 3756 legitur3
654 3677 778 3740 v11191
808 3677 1033 3752 καταείδοντες
1054 3679 1099 3764 τῷ
1121 3676 1247 3764 ἀνέμῳ,
1280 3683 1305 3744 ll
1329 3680 1388 3743 133
1420 3677 1462 3755 ὦς
1489 3684 1771 3765 κατακεκριμένων
1797 3679 1859 3766 ήδη
1895 3679 1927 3746 ολ
1954 3679 2092 3758 τοότων;

397 3788 446 3850 Vll
463 3788 523 3851 146
545 3787 601 3851 καὶ
623 3789 711 3852 τοῖσι
732 3791 793 3873 μὲν
808 3793 1012 3876 κατεκέκριτο
1028 3789 1190 3872 δάνατος;
1212 3795 1251 3856 lx
1266 3795 1306 3856 99
1321 3803 1411 3857 τοῖσι
1427 3792 1483 3856 καὶ
1499 3791 1692 3858 κατεδόκεον
1706 3791 1845 3876 νεοχμόν
1860 3791 1901 3857 ἄν
1915 3815 1948 3856 τι
1965 3796 2093 3858 ποιέειν

397 3896 556 3981 δυνάμιος
578 3899 863 3985 ἐπιλαβομένοισι.
908 3905 960 3967 His
984 3907 1135 3986 exemplis,
1159 3927 1235 3988 quae
1258 3927 1294 3969 cx
1319 3907 1559 3970 adnotationibus
1583 3907 1688 3970 Steinii
1710 3915 1740 3969 et
1763 3927 1798 3969 ex
1820 3907 1963 3988 Kruegeri
1992 3927 2092 3986 gram·

399 4013 502 4074 usatica
524 4015 653 4094 sumpsi,
674 4026 796 4096 apparet
823 4019 967 4079 mutando
990 4019 1089 4082 sanari
1118 4037 1178 4082 nou
1206 4039 1310 4100 posse,
1341 4021 1393 4082 sed
1420 4020 1585 4082 accuratius
1616 4020 1648 4081 in
1675 4020 1818 4082 Herodoti
1846 4021 2090 4083 consuetudinem

397 4125 608 4206 inquirendum
625 4147 698 4190 esse.
737 4129 877 4210 Suspicor
892 4132 1102 4211 praepositioni
1117 4129 1201 4194 κατά
1215 4133 1246 4194 1ο
1262 4133 1434 4212 compositis
1450 4128 1631 4210 καταγελᾶν
1647 4141 1702 4194 etc.
1717 4151 1777 4194 non
1794 4134 1918 4194 eandem
1935 4133 2089 4194 notionem

397 4237 433 4298 ab
457 4237 604 4301 Herodoto
628 4241 787 4304 subiectam
811 4262 875 4304 esse
898 4262 986 4322 quam
1009 4244 1039 4303 in
1062 4245 1147 4306 attica
1169 4264 1266 4326 prosa.
1304 4246 1387 4325 Apud
1410 4245 1572 4310 Homerum
1596 4246 1675 4308 enim
1700 4245 1757 4307 nisi
1782 4263 1842 4308 uno
1864 4246 1929 4308 loco
1952 4247 2023 4308 haec
2045 4247 2089 4308 vis

396 4351 622 4431 praepositionis
646 4370 708 4414 non
731 4353 896 4416 invenitur:
933 4354 987 4417 od.
1003 4355 1068 4416 xlx
1084 4356 1145 4418 372
1173 4352 1216 4430 οἷς
1246 4358 1347 4420 σέθεν
1375 4353 1410 4418 αἳ
1438 4351 1531 4429 κόνες
1559 4354 1634 4419 αἵδε
1663 4355 1917 4441 καθεψιόωνται
1940 4351 2089 4432 cinaeum

396 4463 476 4524 unde
499 4463 626 4525 efficitur
656 4483 719 4525 eam
748 4467 900 4528 notionem
928 4468 1141 4547 posterioribus
1164 4471 1283 4531 demum
1306 4470 1489 4550 temporibus
1511 4469 1720 4550 praepositioni
1748 4470 1908 4532 subiectam
1933 4489 2006 4532 esse.
2051 4471 2089 4532 Et

396 4576 551 4649 mehercle,
575 4578 599 4637 si
623 4576 806 4639 Herodotum
829 4597 897 4640 cum
921 4580 1113 4660 scriptoribus
1136 4582 1231 4643 atticis
1254 4583 1477 4661 comparaveris,
1500 4583 1577 4662 apud
1602 4601 1669 4644 eum
1692 4600 1811 4661 perraro
1834 4582 1912 4644 illam
1936 4584 2086 4646 notionem

394 4687 520 4750 inveniri
553 4689 714 4769 intelleges.
760 4690 847 4752 llcleo
871 4693 948 4770 quod
973 4711 1008 4753 ex
1036 4693 1127 4754 lexico
1150 4693 1433 4773 Schweighaeuseri,
1461 4696 1540 4775 qnod
1564 4713 1653 4774 quarn
1675 4695 1820 4755 incertum
1844 4694 2023 4774 praesidium
2050 4697 2088 4756 sit

396 4819 484 4862 nemo
507 4811 553 4864 est
575 4802 626 4882 qui
648 4803 768 4876 nesciat,
791 4803 871 4864 locos
894 4822 942 4866 me
964 4814 1063 4884 petere
1086 4814 1204 4868 coactus
1226 4825 1302 4868 sum.
1347 4807 1539 4868 Inveniuntur
1562 4806 1644 4868 haec:
1675 4808 1712 4870 lll
1727 4805 1767 4867 85
1791 4808 2087 4887 καταβωσομένους

398 4911 608 4991 Λευτυχίδεω
631 4913 795 4996 περὶτῶν
823 4913 859 4978 ἐν
881 4910 1043 4998 Ἀθήνησι
1071 4913 1202 5000 ὁμήρων
1227 4915 1400 5000 ἐχομένων.
1444 4920 1512 4980 145
1540 4915 1657 5000 ἐπειδή
1686 4919 1830 4982 σεωυτοῦ
1857 4914 2086 4992 καταδικάζεις

394 5020 555 5088 θάνατον.
599 5026 701 5088 11113
724 5024 922 5110 κατηγόρεον
948 5028 1007 5090 τοῦ
1031 5016 1258 5112 Ἀλεξάνδρου,
1281 5033 1369 5112 paulo
1393 5049 1480 5112 supra
1503 5027 1700 5113 κατηγόρεον
1723 5028 1760 5092 δὲ
1780 5030 1883 5094 ταῦτα
1905 5029 1989 5112 πρός
2010 5029 2086 5106 τοὺς

397 5131 495 5221 ἱρέας.
528 5139 646 5204 111160
668 5135 860 5224 παρεόντων
881 5139 944 5222 γὰρ
966 5139 1031 5204 τάν
1052 5138 1231 5225 συμμάχων
1258 5138 1316 5206 οὐκ
1339 5139 1436 5228 ἔφερέ
1458 5140 1491 5207 οἳ
1512 5137 1637 5226 κόσμον
1665 5137 1784 5210 οόδένα
1812 5145 2021 5227 κατηγορέειν
2046 5145 2084 5226 (si
